day;timestamp;product;bid_price_1;bid_volume_1;bid_price_2;bid_volume_2;bid_price_3;bid_volume_3;ask_price_1;ask_volume_1;ask_price_2;ask_volume_2;ask_price_3;ask_volume_3;mid_price;profit_and_loss
0;0;AMETHYSTS;9998;1;9995;30;;;10005;30;;;;;10001.5;0.0
0;0;STARFRUIT;4893;1;4892;30;;;4899;30;;;;;4896.0;0.0
0;100;AMETHYSTS;9996;1;9995;30;;;10002;6;10004;1;10005;30;9999.0;2.0
0;100;STARFRUIT;4892;31;;;;;4896;7;4898;31;;;4894.0;0.0
0;200;AMETHYSTS;9996;1;9995;21;;;10004;1;10005;21;;;10000.0;2.0
0;200;STARFRUIT;4892;22;;;;;4899;22;;;;;4895.5;0.0
0;300;AMETHYSTS;9996;2;9995;23;;;9998;3;10004;2;10005;23;9997.0;2.0
0;300;STARFRUIT;4893;25;;;;;4899;2;4900;23;;;4896.0;0.0
0;400;AMETHYSTS;9998;5;9996;2;9995;23;10004;2;10005;23;;;10001.0;-4.0
0;400;STARFRUIT;4894;5;4893;25;;;4899;25;;;;;4896.5;0.0
0;500;AMETHYSTS;10002;1;9996;2;9995;22;10004;2;10005;22;;;10003.0;-4.0
0;500;STARFRUIT;4893;24;;;;;4899;24;;;;;4896.0;27.28125
0;600;AMETHYSTS;9996;2;9995;24;;;10002;9;10004;2;10005;24;9999.0;2.0
0;600;STARFRUIT;4892;26;;;;;4897;9;4899;26;;;4894.5;35.04296875
0;700;AMETHYSTS;9998;7;9995;27;;;10005;27;;;;;10001.5;2.0
0;700;STARFRUIT;4892;7;4891;27;;;4898;27;;;;;4895.0;42.83203125
0;800;AMETHYSTS;9995;26;;;;;10005;26;;;;;10000.0;2.0
0;800;STARFRUIT;4891;26;;;;;4898;26;;;;;4894.5;45.484375
0;900;STARFRUIT;4892;2;4891;27;;;4898;29;;;;;4895.0;41.75390625
0;900;AMETHYSTS;9996;2;9995;27;;;10004;2;10005;27;;;10000.0;2.0
0;1000;AMETHYSTS;9996;2;9995;26;;;10004;2;10005;26;;;10000.0;2.0
0;1000;STARFRUIT;4891;28;;;;;4897;2;4898;26;;;4894.0;47.8828125
0;1100;STARFRUIT;4891;25;;;;;4898;25;;;;;4894.5;46.28515625
0;1100;AMETHYSTS;9996;2;9995;23;;;10004;2;10005;23;;;10000.0;2.0
0;1200;AMETHYSTS;9998;9;9996;2;9995;28;10004;2;10005;28;;;10001.0;2.0
0;1200;STARFRUIT;4892;9;4891;30;;;4898;30;;;;;4895.0;45.55078125
0;1300;STARFRUIT;4891;1;4890;27;;;4892;4;4897;28;;;4891.5;51.4140625
0;1300;AMETHYSTS;9996;1;9995;27;;;10004;1;10005;27;;;10000.0;2.0
0;1400;AMETHYSTS;9996;2;9995;24;;;10004;2;10005;24;;;10000.0;2.0
0;1400;STARFRUIT;4891;1;4890;24;;;4897;26;;;;;4894.0;48.6015625
0;1500;STARFRUIT;4896;1;4891;2;4890;20;4897;22;;;;;4896.5;48.234375
0;1500;AMETHYSTS;10002;1;9996;2;9995;20;10004;2;10005;20;;;10003.0;2.0
0;1600;AMETHYSTS;9996;1;9995;22;;;10004;1;10005;22;;;10000.0;4.0
0;1600;STARFRUIT;4891;23;;;;;4897;23;;;;;4894.0;49.734375
0;1700;STARFRUIT;4890;27;;;;;4893;2;4897;27;;;4891.5;51.3046875
0;1700;AMETHYSTS;9995;27;;;;;10005;27;;;;;10000.0;4.0
0;1800;AMETHYSTS;9996;2;9995;25;;;10004;2;10005;25;;;10000.0;34.0
0;1800;STARFRUIT;4891;2;4890;25;;;4897;27;;;;;4894.0;51.77734375
0;1900;STARFRUIT;4890;31;;;;;4897;31;;;;;4893.5;55.36328125
0;1900;AMETHYSTS;9996;2;9995;29;;;10004;2;10005;29;;;10000.0;34.0
0;2000;AMETHYSTS;9996;1;9995;25;;;10002;7;10004;1;10005;25;9999.0;34.0
0;2000;STARFRUIT;4890;26;;;;;4895;7;4896;1;4897;25;4892.5;58.046875
0;2100;STARFRUIT;4890;23;;;;;4897;23;;;;;4893.5;60.0859375
0;2100;AMETHYSTS;9995;23;;;;;10005;23;;;;;10000.0;34.0
0;2200;AMETHYSTS;9996;2;9995;30;;;10004;2;10005;30;;;10000.0;34.0
0;2200;STARFRUIT;4890;2;4889;30;;;4896;32;;;;;4893.0;62.421875
0;2300;AMETHYSTS;9996;2;9995;22;;;10004;2;10005;22;;;10000.0;34.0
0;2300;STARFRUIT;4890;2;4889;22;;;4896;24;;;;;4893.0;115.0625
0;2400;AMETHYSTS;9998;4;9996;2;9995;23;10004;2;10005;23;;;10001.0;34.0
0;2400;STARFRUIT;4894;3;4890;6;4889;23;4896;25;;;;;4895.0;114.625
0;2500;AMETHYSTS;9996;1;9995;20;;;10004;1;10005;20;;;10000.0;34.0
0;2500;STARFRUIT;4890;21;;;;;4891;5;4896;1;4897;20;4890.5;106.84375
0;2600;AMETHYSTS;9995;25;;;;;10005;25;;;;;10000.0;34.0
0;2600;STARFRUIT;4889;25;;;;;4896;25;;;;;4892.5;109.0625
0;2700;AMETHYSTS;9998;4;9996;1;9995;24;10004;1;10005;24;;;10001.0;24.0
0;2700;STARFRUIT;4890;10;4889;24;;;4896;25;;;;;4893.0;109.546875
0;2800;AMETHYSTS;9998;5;9995;29;;;10005;29;;;;;10001.5;24.0
0;2800;STARFRUIT;4895;1;4891;5;4890;29;4897;29;;;;;4896.0;90.96875
0;2900;AMETHYSTS;10002;10;9996;2;9995;23;10004;2;10005;23;;;10003.0;22.0
0;2900;STARFRUIT;4891;25;;;;;4897;25;;;;;4894.0;69.0
0;3000;AMETHYSTS;9996;2;9995;29;;;10004;2;10005;29;;;10000.0;22.0
0;3000;STARFRUIT;4891;31;;;;;4897;31;;;;;4894.0;67.484375
0;3100;AMETHYSTS;9996;2;9995;26;;;10004;2;10005;26;;;10000.0;22.0
0;3100;STARFRUIT;4891;27;;;;;4897;2;4898;26;;;4894.0;61.46875
0;3200;AMETHYSTS;9996;2;9995;30;;;10002;6;10004;2;10005;30;9999.0;22.0
0;3200;STARFRUIT;4891;32;;;;;4896;6;4898;32;;;4893.5;38.734375
0;3300;AMETHYSTS;9996;2;9995;26;;;10004;2;10005;26;;;10000.0;22.0
0;3300;STARFRUIT;4891;28;;;;;4897;2;4898;26;;;4894.0;54.421875
0;3400;AMETHYSTS;9996;2;9995;27;;;10004;2;10005;27;;;10000.0;6.0
0;3400;STARFRUIT;4891;29;;;;;4897;2;4898;27;;;4894.0;54.078125
0;3500;AMETHYSTS;9996;2;9995;28;;;10002;9;10004;2;10005;28;9999.0;6.0
0;3500;STARFRUIT;4891;30;;;;;4896;9;4897;2;4898;28;4893.5;54.03125
0;3600;AMETHYSTS;9995;21;;;;;9998;1;10005;21;;;9996.5;6.0
0;3600;STARFRUIT;4891;21;;;;;4898;21;;;;;4894.5;58.59375
0;3700;AMETHYSTS;9996;2;9995;29;;;10000;5;10002;7;10004;2;9998.0;6.0
0;3700;STARFRUIT;4892;31;;;;;4896;6;4898;31;;;4894.0;28.796875
0;3800;AMETHYSTS;10002;1;9996;1;9995;29;10004;1;10005;29;;;10003.0;6.0
0;3800;STARFRUIT;4892;30;;;;;4898;1;4899;29;;;4895.0;18.71875
0;3900;AMETHYSTS;9998;1;9995;25;;;10005;25;;;;;10001.5;6.0
0;3900;STARFRUIT;4893;1;4892;25;;;4898;25;;;;;4895.5;29.109375
0;4000;AMETHYSTS;10002;9;9996;2;9995;27;10004;2;10005;27;;;10003.0;6.0
0;4000;STARFRUIT;4892;2;4891;27;;;4898;29;;;;;4895.0;37.828125
0;4100;AMETHYSTS;9996;1;9995;23;;;10004;1;10005;23;;;10000.0;6.0
0;4100;STARFRUIT;4892;24;;;;;4899;24;;;;;4895.5;7.484375
0;4200;AMETHYSTS;9996;2;9995;26;;;10004;2;10005;26;;;10000.0;6.0
0;4200;STARFRUIT;4892;26;;;;;4893;10;4899;28;;;4892.5;-7.375
0;4300;AMETHYSTS;9996;2;9995;29;;;10004;2;10005;29;;;10000.0;6.0
0;4300;STARFRUIT;4892;31;;;;;4899;31;;;;;4895.5;-30.640625
0;4400;AMETHYSTS;9996;1;9995;26;;;9998;1;10004;1;10005;26;9997.0;-11.0
0;4400;STARFRUIT;4892;26;;;;;4899;27;;;;;4895.5;-41.21875
0;4500;AMETHYSTS;9995;27;;;;;10005;27;;;;;10000.0;-13.0
0;4500;STARFRUIT;4892;27;;;;;4899;27;;;;;4895.5;-43.421875
0;4600;AMETHYSTS;9996;1;9995;21;;;10004;1;10005;21;;;10000.0;-13.0
0;4600;STARFRUIT;4893;1;4892;21;;;4899;22;;;;;4896.0;-38.890625
0;4700;AMETHYSTS;9998;4;9996;1;9995;26;10004;1;10005;26;;;10001.0;-13.0
0;4700;STARFRUIT;4892;27;;;;;4893;8;4899;27;;;4892.5;-46.53125
0;4800;AMETHYSTS;10002;3;9996;1;9995;24;10004;1;10005;24;;;10003.0;-13.0
0;4800;STARFRUIT;4898;1;4893;1;4892;24;4899;25;;;;;4898.5;-78.78125
0;4900;AMETHYSTS;9995;22;;;;;9998;4;10005;22;;;9996.5;-9.0
0;4900;STARFRUIT;4893;22;;;;;4899;22;;;;;4896.0;-84.28125
0;5000;AMETHYSTS;9998;3;9996;1;9995;22;10004;1;10005;22;;;10001.0;-17.0
0;5000;STARFRUIT;4893;4;4892;22;;;4899;23;;;;;4896.0;-75.0625
0;5100;AMETHYSTS;10002;1;9998;9;9995;25;10005;25;;;;;10003.5;-17.0
0;5100;STARFRUIT;4894;7;4893;25;;;4899;25;;;;;4896.5;-95.625
0;5200;AMETHYSTS;9996;2;9995;22;;;10004;2;10005;22;;;10000.0;-17.0
0;5200;STARFRUIT;4893;24;;;;;4900;24;;;;;4896.5;-122.8125
0;5300;STARFRUIT;4893;25;;;;;4900;25;;;;;4896.5;-137.125
0;5300;AMETHYSTS;9995;25;;;;;10005;25;;;;;10000.0;-17.0
0;5400;STARFRUIT;4894;27;;;;;4899;8;4901;27;;;4896.5;-202.8125
0;5400;AMETHYSTS;9995;27;;;;;10000;6;10002;8;10005;27;9997.5;-17.0
0;5500;AMETHYSTS;9996;1;9995;29;;;10004;1;10005;29;;;10000.0;-17.0
0;5500;STARFRUIT;4895;1;4894;29;;;4901;30;;;;;4898.0;-212.90625
0;5600;AMETHYSTS;10002;1;9998;8;9996;1;10004;1;10005;26;;;10003.0;-17.0
0;5600;STARFRUIT;4896;8;4895;27;;;4901;1;4902;26;;;4898.5;-245.9375
0;5700;STARFRUIT;4897;2;4896;4;4895;25;4901;25;;;;;4899.0;-230.0
0;5700;AMETHYSTS;9998;4;9996;2;9995;23;10004;2;10005;23;;;10001.0;-17.0
0;5800;STARFRUIT;4900;1;4895;10;4894;24;4901;24;;;;;4900.5;-207.3125
0;5800;AMETHYSTS;10002;1;9998;10;9995;24;10005;24;;;;;10003.5;-17.0
0;5900;AMETHYSTS;10000;5;9996;1;9995;20;10004;1;10005;20;;;10002.0;-17.0
0;5900;STARFRUIT;4895;21;;;;;4901;21;;;;;4898.0;-231.0
0;6000;AMETHYSTS;9996;2;9995;22;;;9998;4;10004;2;10005;22;9997.0;-17.0
0;6000;STARFRUIT;4895;2;4894;22;;;4901;24;;;;;4898.0;-221.34375
0;6100;STARFRUIT;4895;1;4894;24;;;4899;2;4901;25;;;4897.0;-216.0
0;6100;AMETHYSTS;9996;1;9995;24;;;10000;5;10002;2;10004;1;9998.0;-17.0
0;6200;STARFRUIT;4894;29;;;;;4895;12;4901;30;;;4894.5;-217.96875
0;6200;AMETHYSTS;9996;1;9995;29;;;10004;1;10005;29;;;10000.0;-17.0
0;6300;AMETHYSTS;9995;25;;;;;10005;25;;;;;10000.0;-17.0
0;6300;STARFRUIT;4894;24;;;;;4901;25;;;;;4897.5;-221.0625
0;6400;AMETHYSTS;10000;4;9995;23;;;10005;23;;;;;10002.5;-17.0
0;6400;STARFRUIT;4894;23;;;;;4901;23;;;;;4897.5;-209.15625
0;6500;STARFRUIT;4894;20;;;;;4901;20;;;;;4897.5;-225.875
0;6500;AMETHYSTS;9995;20;;;;;10005;20;;;;;10000.0;-17.0
0;6600;STARFRUIT;4894;27;;;;;4901;27;;;;;4897.5;-207.0625
0;6600;AMETHYSTS;9996;1;9995;26;;;10004;1;10005;26;;;10000.0;-17.0
0;6700;AMETHYSTS;10002;4;9996;2;9995;26;10004;2;10005;26;;;10003.0;-17.0
0;6700;STARFRUIT;4894;28;;;;;4900;2;4901;26;;;4897.0;-126.5
0;6800;AMETHYSTS;9998;1;9996;1;9995;23;10004;1;10005;23;;;10001.0;-9.0
0;6800;STARFRUIT;4894;1;4893;24;;;4899;1;4900;23;;;4896.5;-21.03125
0;6900;AMETHYSTS;9995;28;;;;;10005;28;;;;;10000.0;-19.0
0;6900;STARFRUIT;4898;1;4897;4;4893;28;4900;28;;;;;4899.0;-47.6875
0;7000;AMETHYSTS;10000;6;9998;7;9996;2;10004;2;10005;27;;;10002.0;-19.0
0;7000;STARFRUIT;4894;9;4893;27;;;4900;29;;;;;4897.0;-82.75
0;7100;AMETHYSTS;9996;1;9995;29;;;10004;1;10005;29;;;10000.0;-19.0
0;7100;STARFRUIT;4893;30;;;;;4900;30;;;;;4896.5;-63.0
0;7200;AMETHYSTS;9996;2;9995;21;;;10004;2;10005;21;;;10000.0;-19.0
0;7200;STARFRUIT;4893;23;;;;;4899;2;4900;21;;;4896.0;-25.5
0;7300;AMETHYSTS;9996;2;9995;23;;;10002;4;10004;2;10005;23;9999.0;-15.0
0;7300;STARFRUIT;4893;25;;;;;4898;4;4900;25;;;4895.5;-31.3125
0;7400;AMETHYSTS;10002;1;9996;2;9995;28;10004;2;10005;28;;;10003.0;-15.0
0;7400;STARFRUIT;4894;30;;;;;4900;2;4901;28;;;4897.0;-117.4375
0;7500;AMETHYSTS;9995;29;;;;;10005;29;;;;;10000.0;-13.0
0;7500;STARFRUIT;4894;29;;;;;4901;29;;;;;4897.5;-168.0
0;7600;AMETHYSTS;9996;2;9995;24;;;10004;2;10005;24;;;10000.0;-13.0
0;7600;STARFRUIT;4895;2;4894;24;;;4901;26;;;;;4898.0;-188.375
0;7700;AMETHYSTS;9995;28;;;;;10005;28;;;;;10000.0;-13.0
0;7700;STARFRUIT;4900;1;4894;28;;;4901;28;;;;;4900.5;-178.375
0;7800;AMETHYSTS;9996;1;9995;22;;;10004;1;10005;22;;;10000.0;-8.0
0;7800;STARFRUIT;4900;1;4895;1;4894;22;4901;23;;;;;4900.5;-182.25
0;7900;AMETHYSTS;9996;1;9995;25;;;10002;4;10004;1;10005;25;9999.0;-6.0
0;7900;STARFRUIT;4895;26;;;;;4900;4;4901;1;4902;25;4897.5;-218.6875
0;8000;AMETHYSTS;9996;1;9995;22;;;10004;1;10005;22;;;10000.0;-6.0
0;8000;STARFRUIT;4896;23;;;;;4902;23;;;;;4899.0;-325.8125
0;8100;AMETHYSTS;9995;22;;;;;10005;22;;;;;10000.0;-6.0
0;8100;STARFRUIT;4896;22;;;;;4902;22;;;;;4899.0;-330.0
0;8200;AMETHYSTS;9995;20;;;;;9998;1;10002;2;10005;20;9996.5;-6.0
0;8200;STARFRUIT;4896;20;;;;;4903;20;;;;;4899.5;-399.0625
0;8300;AMETHYSTS;10002;1;9998;6;9996;1;10004;1;10005;26;;;10003.0;-8.0
0;8300;STARFRUIT;4897;7;4896;26;;;4903;27;;;;;4900.0;-420.9375
0;8400;AMETHYSTS;9995;26;;;;;10005;26;;;;;10000.0;-8.0
0;8400;STARFRUIT;4897;26;;;;;4904;26;;;;;4900.5;-453.25
0;8500;AMETHYSTS;9995;30;;;;;10005;30;;;;;10000.0;-8.0
0;8500;STARFRUIT;4899;5;4896;30;;;4903;30;;;;;4901.0;-415.5625
0;8600;AMETHYSTS;9996;1;9995;22;;;10004;1;10005;22;;;10000.0;-8.0
0;8600;STARFRUIT;4896;23;;;;;4903;23;;;;;4899.5;-355.0625
0;8700;AMETHYSTS;9996;1;9995;29;;;10004;1;10005;29;;;10000.0;-8.0
0;8700;STARFRUIT;4896;30;;;;;4898;1;4903;30;;;4897.0;-374.625
0;8800;AMETHYSTS;9995;23;;;;;9998;12;10005;23;;;9996.5;-8.0
0;8800;STARFRUIT;4896;23;;;;;4897;4;4903;23;;;4896.5;-341.0625
0;8900;AMETHYSTS;10002;5;9996;1;9995;26;10004;1;10005;26;;;10003.0;-8.0
0;8900;STARFRUIT;4896;27;;;;;4902;1;4903;26;;;4899.0;-332.125
0;9000;AMETHYSTS;9995;23;;;;;10002;7;10005;23;;;9998.5;2.0
0;9000;STARFRUIT;4895;23;;;;;4900;7;4902;23;;;4897.5;-296.8125
0;9100;AMETHYSTS;9996;1;9995;30;;;10004;1;10005;30;;;10000.0;2.0
0;9100;STARFRUIT;4896;31;;;;;4899;3;4903;31;;;4897.5;-367.9375
0;9200;AMETHYSTS;9995;24;;;;;10002;3;10005;24;;;9998.5;2.0
0;9200;STARFRUIT;4896;24;;;;;4901;3;4903;24;;;4898.5;-370.0625
0;9300;AMETHYSTS;9995;23;;;;;10005;23;;;;;10000.0;2.0
0;9300;STARFRUIT;4895;23;;;;;4902;23;;;;;4898.5;-304.4375
0;9400;AMETHYSTS;9996;2;9995;22;;;10004;2;10005;22;;;10000.0;2.0
0;9400;STARFRUIT;4895;24;;;;;4902;24;;;;;4898.5;-270.625
0;9500;AMETHYSTS;9998;9;9996;1;9995;28;10004;1;10005;28;;;10001.0;2.0
0;9500;STARFRUIT;4897;9;4896;29;;;4902;1;4903;28;;;4899.5;-335.125
0;9600;AMETHYSTS;9995;20;;;;;10005;20;;;;;10000.0;2.0
0;9600;STARFRUIT;4896;19;;;;;4902;20;;;;;4899.0;-325.6875
0;9700;STARFRUIT;4897;3;4896;25;;;4903;25;;;;;4900.0;-343.5625
0;9700;AMETHYSTS;9998;3;9995;25;;;10005;25;;;;;10001.5;2.0
0;9800;AMETHYSTS;9995;21;;;;;10002;5;10005;21;;;9998.5;2.0
0;9800;STARFRUIT;4895;21;;;;;4900;5;4902;21;;;4897.5;-286.25
0;9900;STARFRUIT;4895;22;;;;;4902;22;;;;;4898.5;-296.0
0;9900;AMETHYSTS;9995;22;;;;;10005;22;;;;;10000.0;2.0
0;10000;AMETHYSTS;9998;8;9996;2;9995;29;10004;2;10005;29;;;10001.0;2.0
0;10000;STARFRUIT;4896;8;4895;31;;;4902;31;;;;;4899.0;-270.625
0;10100;STARFRUIT;4895;22;;;;;4902;22;;;;;4898.5;-281.5
0;10100;AMETHYSTS;9995;22;;;;;10005;22;;;;;10000.0;2.0
0;10200;AMETHYSTS;9996;2;9995;23;;;10004;2;10005;23;;;10000.0;2.0
0;10200;STARFRUIT;4895;25;;;;;4901;2;4902;23;;;4898.0;-229.6875
0;10300;STARFRUIT;4895;22;;;;;4896;4;4901;2;4902;20;4895.5;-234.375
0;10300;AMETHYSTS;9996;2;9995;20;;;10004;2;10005;20;;;10000.0;2.0
0;10400;AMETHYSTS;9995;30;;;;;10005;30;;;;;10000.0;10.0
0;10400;STARFRUIT;4895;30;;;;;4902;30;;;;;4898.5;-264.25
0;10500;STARFRUIT;4896;4;4895;28;;;4901;28;;;;;4898.5;-209.9375
0;10500;AMETHYSTS;9998;4;9996;1;9995;27;10004;1;10005;27;;;10001.0;10.0
0;10600;AMETHYSTS;9995;23;;;;;9998;2;10002;6;10005;23;9996.5;10.0
0;10600;STARFRUIT;4895;23;;;;;4900;6;4902;23;;;4897.5;-251.5
0;10700;STARFRUIT;4896;1;4895;23;;;4902;23;;;;;4899.0;-233.0625
0;10700;AMETHYSTS;9998;1;9995;23;;;10005;23;;;;;10001.5;6.0
0;10800;AMETHYSTS;10002;1;9998;4;9995;23;10005;23;;;;;10003.5;6.0
0;10800;STARFRUIT;4896;3;4895;23;;;4902;23;;;;;4899.0;-246.6875
0;10900;STARFRUIT;4895;1;4894;29;;;4901;30;;;;;4898.0;-180.75
0;10900;AMETHYSTS;9996;1;9995;29;;;10004;1;10005;29;;;10000.0;8.0
0;11000;AMETHYSTS;9996;1;9995;29;;;10004;1;10005;29;;;10000.0;8.0
0;11000;STARFRUIT;4894;30;;;;;4900;1;4901;29;;;4897.0;-110.8125
0;11100;STARFRUIT;4894;31;;;;;4899;4;4900;2;4901;29;4896.5;-98.625
0;11100;AMETHYSTS;9996;2;9995;29;;;10002;4;10004;2;10005;29;9999.0;8.0
0;11200;AMETHYSTS;10002;1;9996;1;9995;28;10004;1;10005;28;;;10003.0;0.0
0;11200;STARFRUIT;4894;29;;;;;4901;29;;;;;4897.5;-145.875
0;11300;AMETHYSTS;9996;1;9995;26;;;10004;1;10005;26;;;10000.0;0.0
0;11300;STARFRUIT;4898;1;4894;27;;;4900;1;4901;26;;;4899.0;-95.875
0;11400;AMETHYSTS;9998;2;9996;1;9995;23;10004;1;10005;23;;;10001.0;-2.0
0;11400;STARFRUIT;4895;3;4894;24;;;4900;1;4901;23;;;4897.5;-112.625
0;11500;AMETHYSTS;9998;1;9996;1;9995;28;10004;1;10005;28;;;10001.0;-2.0
0;11500;STARFRUIT;4894;2;4893;28;;;4900;29;;;;;4897.0;-49.1875
0;11600;AMETHYSTS;9995;26;;;;;10005;26;;;;;10000.0;-2.0
0;11600;STARFRUIT;4892;26;;;;;4899;26;;;;;4895.5;47.625
0;11700;AMETHYSTS;9996;1;9995;21;;;10004;1;10005;21;;;10000.0;-2.0
0;11700;STARFRUIT;4893;22;;;;;4899;1;4900;21;;;4896.0;14.25
0;11800;AMETHYSTS;9995;21;;;;;10005;21;;;;;10000.0;-2.0
0;11800;STARFRUIT;4893;21;;;;;4900;21;;;;;4896.5;-15.4375
0;11900;AMETHYSTS;9995;25;;;;;10005;25;;;;;10000.0;-2.0
0;11900;STARFRUIT;4893;25;;;;;4900;25;;;;;4896.5;-26.875
0;12000;AMETHYSTS;9995;25;;;;;10005;25;;;;;10000.0;-2.0
0;12000;STARFRUIT;4893;25;;;;;4900;25;;;;;4896.5;-22.125
0;12100;AMETHYSTS;9996;2;9995;20;;;10002;3;10004;2;10005;20;9999.0;0.0
0;12100;STARFRUIT;4894;2;4893;20;;;4898;4;4900;22;;;4896.0;-59.875
0;12200;AMETHYSTS;9998;10;9996;2;9995;26;10004;2;10005;26;;;10001.0;0.0
0;12200;STARFRUIT;4894;12;4893;26;;;4900;28;;;;;4897.0;-55.875
0;12300;AMETHYSTS;9996;1;9995;23;;;10000;5;10004;1;10005;23;9998.0;2.0
0;12300;STARFRUIT;4893;24;;;;;4900;24;;;;;4896.5;-32.1875
0;12400;AMETHYSTS;9996;1;9995;29;;;10004;1;10005;29;;;10000.0;2.0
0;12400;STARFRUIT;4893;30;;;;;4899;1;4900;29;;;4896.0;2.125
0;12500;AMETHYSTS;10002;5;9996;2;9995;29;10004;2;10005;29;;;10003.0;2.0
0;12500;STARFRUIT;4892;31;;;;;4899;31;;;;;4895.5;118.4375
0;12600;AMETHYSTS;9998;5;9996;1;9995;30;10004;1;10005;30;;;10001.0;12.0
0;12600;STARFRUIT;4893;5;4892;31;;;4898;1;4899;30;;;4895.5;128.75
0;12700;AMETHYSTS;9996;2;9995;29;;;10004;2;10005;29;;;10000.0;12.0
0;12700;STARFRUIT;4892;31;;;;;4899;31;;;;;4895.5;104.8125
0;12800;AMETHYSTS;9996;1;9995;30;;;10002;3;10004;1;10005;30;9999.0;12.0
0;12800;STARFRUIT;4892;31;;;;;4896;3;4898;31;;;4894.0;169.375
0;12900;AMETHYSTS;9995;24;;;;;10005;24;;;;;10000.0;12.0
0;12900;STARFRUIT;4892;24;;;;;4899;24;;;;;4895.5;149.875
0;13000;AMETHYSTS;9995;27;;;;;10005;27;;;;;10000.0;12.0
0;13000;STARFRUIT;4892;27;;;;;4899;27;;;;;4895.5;88.5625
0;13100;AMETHYSTS;9996;2;9995;28;;;10004;2;10005;28;;;10000.0;12.0
0;13100;STARFRUIT;4892;30;;;;;4899;30;;;;;4895.5;104.0625
0;13200;AMETHYSTS;9995;28;;;;;10005;28;;;;;10000.0;12.0
0;13200;STARFRUIT;4892;28;;;;;4899;28;;;;;4895.5;111.375
0;13300;AMETHYSTS;9996;2;9995;26;;;10004;2;10005;26;;;10000.0;12.0
0;13300;STARFRUIT;4898;1;4893;2;4892;26;4899;28;;;;;4898.5;55.3125
0;13400;AMETHYSTS;10002;1;9996;1;9995;25;10004;1;10005;25;;;10003.0;12.0
0;13400;STARFRUIT;4893;26;;;;;4900;26;;;;;4896.5;-21.9375
0;13500;AMETHYSTS;9996;1;9995;29;;;10002;9;10004;1;10005;29;9999.0;12.0
0;13500;STARFRUIT;4896;4;4893;30;;;4898;9;4900;30;;;4897.0;-22.8125
0;13600;AMETHYSTS;9996;2;9995;23;;;10004;2;10005;23;;;10000.0;12.0
0;13600;STARFRUIT;4893;25;;;;;4899;2;4900;23;;;4896.0;24.6875
0;13700;AMETHYSTS;10000;2;9996;2;9995;28;10002;7;10004;2;10005;28;10001.0;10.0
0;13700;STARFRUIT;4896;5;4893;30;;;4897;7;4899;30;;;4896.5;37.1875
0;13800;AMETHYSTS;9996;1;9995;24;;;10004;1;10005;24;;;10000.0;10.0
0;13800;STARFRUIT;4893;25;;;;;4899;1;4900;24;;;4896.0;28.6875
0;13900;AMETHYSTS;9995;20;;;;;10002;2;10005;20;;;9998.5;10.0
0;13900;STARFRUIT;4893;20;;;;;4898;2;4900;20;;;4895.5;-11.3125
0;14000;AMETHYSTS;9996;1;9995;26;;;10004;1;10005;26;;;10000.0;10.0
0;14000;STARFRUIT;4899;1;4894;27;;;4900;27;;;;;4899.5;-80.4375
0;14100;AMETHYSTS;10000;3;9996;2;9995;22;10004;2;10005;22;;;10002.0;6.0
0;14100;STARFRUIT;4894;2;4893;22;;;4900;24;;;;;4897.0;-60.8125
0;14200;AMETHYSTS;9996;2;9995;22;;;10004;2;10005;22;;;10000.0;6.0
0;14200;STARFRUIT;4894;2;4893;22;;;4900;24;;;;;4897.0;-69.625
0;14300;STARFRUIT;4894;30;;;;;4900;30;;;;;4897.0;-89.5625
0;14300;AMETHYSTS;9996;2;9995;28;;;10004;2;10005;28;;;10000.0;6.0
0;14400;STARFRUIT;4895;9;4894;23;;;4901;23;;;;;4898.0;-142.125
0;14400;AMETHYSTS;9998;9;9996;1;9995;22;10004;1;10005;22;;;10001.0;6.0
0;14500;AMETHYSTS;9996;1;9995;22;;;10000;2;10004;1;10005;22;9998.0;6.0
0;14500;STARFRUIT;4893;23;;;;;4894;1;4900;23;;;4893.5;-32.75
0;14600;AMETHYSTS;9995;21;;;;;10002;3;10005;21;;;9998.5;6.0
0;14600;STARFRUIT;4893;21;;;;;4898;3;4900;21;;;4895.5;-32.375
0;14700;STARFRUIT;4894;5;4893;26;;;4900;26;;;;;4897.0;-15.375
0;14700;AMETHYSTS;9998;5;9996;2;9995;24;10004;2;10005;24;;;10001.0;6.0
0;14800;STARFRUIT;4894;1;4893;21;;;4900;23;;;;;4897.0;-63.75
0;14800;AMETHYSTS;9996;2;9995;21;;;10004;2;10005;21;;;10000.0;6.0
0;14900;AMETHYSTS;9996;2;9995;28;;;10002;8;10004;2;10005;28;9999.0;6.0
0;14900;STARFRUIT;4893;30;;;;;4898;8;4900;30;;;4895.5;-28.375
0;15000;AMETHYSTS;9996;1;9995;22;;;10004;1;10005;22;;;10000.0;6.0
0;15000;STARFRUIT;4893;23;;;;;4894;1;4900;23;;;4893.5;-50.0625
0;15100;STARFRUIT;4899;1;4894;26;;;4900;1;4901;25;;;4899.5;-119.4375
0;15100;AMETHYSTS;10002;1;9996;1;9995;25;10004;1;10005;25;;;10003.0;6.0
0;15200;STARFRUIT;4896;3;4894;5;4893;23;4900;25;;;;;4898.0;-76.8125
0;15200;AMETHYSTS;9998;3;9996;2;9995;23;10000;4;10004;2;10005;23;9999.0;8.0
0;15300;AMETHYSTS;9998;3;9996;2;9995;22;10004;2;10005;22;;;10001.0;8.0
0;15300;STARFRUIT;4894;3;4893;24;;;4900;24;;;;;4897.0;-16.8125
0;15400;AMETHYSTS;9996;2;9995;24;;;10002;4;10004;2;10005;24;9999.0;10.0
0;15400;STARFRUIT;4893;26;;;;;4897;4;4899;26;;;4895.0;45.3125
0;15500;STARFRUIT;4898;1;4893;5;4892;20;4899;20;;;;;4898.5;52.125
0;15500;AMETHYSTS;9998;5;9995;20;;;10005;20;;;;;10001.5;10.0
0;15600;STARFRUIT;4892;24;;;;;4899;24;;;;;4895.5;117.6875
0;15600;AMETHYSTS;9996;1;9995;23;;;10004;1;10005;23;;;10000.0;10.0
0;15700;AMETHYSTS;9996;2;9995;20;;;10004;2;10005;20;;;10000.0;10.0
0;15700;STARFRUIT;4892;22;;;;;4899;22;;;;;4895.5;85.0625
0;15800;AMETHYSTS;9998;5;9996;2;9995;24;10004;2;10005;24;;;10001.0;2.0
0;15800;STARFRUIT;4893;9;4892;26;;;4899;26;;;;;4896.0;99.5
0;15900;AMETHYSTS;9998;10;9995;27;;;10005;27;;;;;10001.5;2.0
0;15900;STARFRUIT;4893;10;4892;27;;;4899;27;;;;;4896.0;85.3125
0;16000;AMETHYSTS;9996;2;9995;25;;;10002;7;10004;2;10005;25;9999.0;2.0
0;16000;STARFRUIT;4892;27;;;;;4897;7;4899;27;;;4894.5;91.125
0;16100;AMETHYSTS;9998;4;9995;29;;;10005;29;;;;;10001.5;2.0
0;16100;STARFRUIT;4894;4;4893;29;;;4900;29;;;;;4897.0;-25.625
0;16200;AMETHYSTS;9995;21;;;;;10005;21;;;;;10000.0;2.0
0;16200;STARFRUIT;4893;21;;;;;4894;1;4900;21;;;4893.5;-83.5625
0;16300;AMETHYSTS;9996;2;9995;29;;;10002;2;10004;2;10005;29;9999.0;2.0
0;16300;STARFRUIT;4893;2;4892;29;;;4897;2;4899;31;;;4895.0;23.8125
0;16400;AMETHYSTS;9996;2;9995;22;;;9998;1;10004;2;10005;22;9997.0;2.0
0;16400;STARFRUIT;4893;24;;;;;4899;2;4900;22;;;4896.0;-36.6875
0;16500;AMETHYSTS;9996;2;9995;25;;;10004;2;10005;25;;;10000.0;2.0
0;16500;STARFRUIT;4893;27;;;;;4900;27;;;;;4896.5;-47.125
0;16600;AMETHYSTS;9996;2;9995;23;;;10004;2;10005;23;;;10000.0;2.0
0;16600;STARFRUIT;4893;25;;;;;4899;2;4900;23;;;4896.0;-14.4375
0;16700;AMETHYSTS;10002;3;9996;1;9995;23;10004;1;10005;23;;;10003.0;2.0
0;16700;STARFRUIT;4893;23;;;;;4900;24;;;;;4896.5;-61.0
0;16800;AMETHYSTS;9996;2;9995;30;;;10002;5;10004;2;10005;30;9999.0;2.0
0;16800;STARFRUIT;4893;32;;;;;4898;5;4900;32;;;4895.5;-96.6875
0;16900;AMETHYSTS;9996;1;9995;23;;;10004;1;10005;23;;;10000.0;6.0
0;16900;STARFRUIT;4894;1;4893;23;;;4900;24;;;;;4897.0;-116.1875
0;17000;AMETHYSTS;9995;23;;;;;10005;23;;;;;10000.0;6.0
0;17000;STARFRUIT;4893;23;;;;;4900;23;;;;;4896.5;-109.75
0;17100;AMETHYSTS;9998;6;9996;1;9995;30;10004;1;10005;30;;;10001.0;6.0
0;17100;STARFRUIT;4894;6;4893;30;;;4900;31;;;;;4897.0;-106.1875
0;17200;AMETHYSTS;9998;6;9996;2;9995;24;10004;2;10005;24;;;10001.0;6.0
0;17200;STARFRUIT;4894;6;4893;26;;;4900;26;;;;;4897.0;-86.25
0;17300;AMETHYSTS;9995;28;;;;;9998;1;10002;3;10005;28;9996.5;6.0
0;17300;STARFRUIT;4894;28;;;;;4895;2;4898;3;4900;28;4894.5;-140.375
0;17400;AMETHYSTS;9996;1;9995;24;;;10004;1;10005;24;;;10000.0;4.0
0;17400;STARFRUIT;4893;25;;;;;4900;25;;;;;4896.5;-73.4375
0;17500;AMETHYSTS;9996;1;9995;23;;;10004;1;10005;23;;;10000.0;4.0
0;17500;STARFRUIT;4899;11;4894;24;;;4900;1;4901;23;;;4899.5;-175.9375
0;17600;AMETHYSTS;9995;27;;;;;10005;27;;;;;10000.0;4.0
0;17600;STARFRUIT;4894;27;;;;;4901;27;;;;;4897.5;-261.9375
0;17700;AMETHYSTS;9996;1;9995;23;;;10004;1;10005;23;;;10000.0;4.0
0;17700;STARFRUIT;4894;24;;;;;4901;24;;;;;4897.5;-246.3125
0;17800;AMETHYSTS;9995;23;;;;;10005;23;;;;;10000.0;4.0
0;17800;STARFRUIT;4894;23;;;;;4901;23;;;;;4897.5;-244.3125
0;17900;AMETHYSTS;9998;8;9996;1;9995;29;10004;1;10005;29;;;10001.0;4.0
0;17900;STARFRUIT;4895;9;4894;29;;;4901;30;;;;;4898.0;-263.125
0;18000;AMETHYSTS;9998;7;9996;2;9995;26;10004;2;10005;26;;;10001.0;4.0
0;18000;STARFRUIT;4896;7;4895;28;;;4901;28;;;;;4898.5;-301.125
0;18100;AMETHYSTS;9995;21;;;;;10005;21;;;;;10000.0;4.0
0;18100;STARFRUIT;4895;21;;;;;4902;21;;;;;4898.5;-311.0625
0;18200;AMETHYSTS;9996;1;9995;23;;;10004;1;10005;23;;;10000.0;4.0
0;18200;STARFRUIT;4900;1;4895;1;4894;23;4901;24;;;;;4900.5;-278.625
0;18300;AMETHYSTS;9996;2;9995;27;;;10004;2;10005;27;;;10000.0;4.0
0;18300;STARFRUIT;4894;29;;;;;4901;29;;;;;4897.5;-218.8125
0;18400;AMETHYSTS;9996;1;9995;29;;;10004;1;10005;29;;;10000.0;4.0
0;18400;STARFRUIT;4894;30;;;;;4900;1;4901;29;;;4897.0;-193.25
0;18500;AMETHYSTS;9998;3;9996;2;9995;30;10004;2;10005;30;;;10001.0;4.0
0;18500;STARFRUIT;4894;5;4893;30;;;4900;32;;;;;4897.0;-126.125
0;18600;AMETHYSTS;9996;1;9995;30;;;10002;9;10004;1;10005;30;9999.0;6.0
0;18600;STARFRUIT;4894;1;4893;30;;;4898;10;4900;31;;;4896.0;-137.3125
0;18700;STARFRUIT;4894;27;;;;;4900;2;4901;25;;;4897.0;-171.375
0;18700;AMETHYSTS;10002;9;9996;2;9995;25;10004;2;10005;25;;;10003.0;6.0
0;18800;AMETHYSTS;9996;2;9995;22;;;10004;2;10005;22;;;10000.0;6.0
0;18800;STARFRUIT;4895;24;;;;;4901;24;;;;;4898.0;-291.25
0;18900;STARFRUIT;4894;28;;;;;4901;28;;;;;4897.5;-249.75
0;18900;AMETHYSTS;9996;1;9995;27;;;10004;1;10005;27;;;10000.0;6.0
0;19000;AMETHYSTS;9995;25;;;;;10002;7;10005;25;;;9998.5;10.0
0;19000;STARFRUIT;4894;24;;;;;4899;7;4901;25;;;4896.5;-197.6875
0;19100;STARFRUIT;4894;29;;;;;4900;1;4901;28;;;4897.0;-189.3125
0;19100;AMETHYSTS;9996;1;9995;28;;;10000;5;10004;1;10005;28;9998.0;10.0
0;19200;AMETHYSTS;9996;1;9995;28;;;10002;7;10004;1;10005;28;9999.0;10.0
0;19200;STARFRUIT;4894;29;;;;;4899;7;4900;1;4901;28;4896.5;-168.8125
0;19300;STARFRUIT;4894;2;4893;30;;;4900;32;;;;;4897.0;-125.1875
0;19300;AMETHYSTS;9996;2;9995;30;;;10004;2;10005;30;;;10000.0;10.0
0;19400;AMETHYSTS;9996;1;9995;20;;;10002;3;10004;1;10005;20;9999.0;10.0
0;19400;STARFRUIT;4894;21;;;;;4899;3;4900;1;4901;20;4896.5;-168.125
0;19500;STARFRUIT;4894;22;;;;;4900;2;4901;20;;;4897.0;-182.0625
0;19500;AMETHYSTS;9996;2;9995;20;;;10004;2;10005;20;;;10000.0;10.0
0;19600;AMETHYSTS;9996;2;9995;29;;;10004;2;10005;29;;;10000.0;10.0
0;19600;STARFRUIT;4894;31;;;;;4900;2;4901;29;;;4897.0;-173.6875
0;19700;STARFRUIT;4894;1;4893;24;;;4898;2;4900;25;;;4896.0;-105.875
0;19700;AMETHYSTS;9996;1;9995;24;;;10002;2;10004;1;10005;24;9999.0;10.0
0;19800;AMETHYSTS;10002;4;9995;20;;;10005;20;;;;;10003.5;10.0
0;19800;STARFRUIT;4893;20;;;;;4900;20;;;;;4896.5;-36.5
0;19900;STARFRUIT;4893;28;;;;;4899;1;4900;27;;;4896.0;-36.8125
0;19900;AMETHYSTS;9996;1;9995;27;;;10004;1;10005;27;;;10000.0;10.0
0;20000;AMETHYSTS;9996;1;9995;28;;;10002;4;10004;1;10005;28;9999.0;10.0
0;20000;STARFRUIT;4893;29;;;;;4898;4;4899;1;4900;28;4895.5;-23.6875
0;20100;AMETHYSTS;9998;9;9996;2;9995;29;10004;2;10005;29;;;10001.0;8.0
0;20100;STARFRUIT;4893;12;4892;29;;;4899;31;;;;;4896.0;47.625
0;20200;AMETHYSTS;9995;29;;;;;10005;29;;;;;10000.0;8.0
0;20200;STARFRUIT;4893;29;;;;;4900;29;;;;;4896.5;-7.9375
0;20300;AMETHYSTS;9996;2;9995;21;;;10004;2;10005;21;;;10000.0;8.0
0;20300;STARFRUIT;4893;23;;;;;4899;23;;;;;4896.0;11.5625
0;20400;AMETHYSTS;9995;24;;;;;10005;24;;;;;10000.0;8.0
0;20400;STARFRUIT;4892;24;;;;;4899;24;;;;;4895.5;-10.8125
0;20500;AMETHYSTS;9995;30;;;;;10005;30;;;;;10000.0;8.0
0;20500;STARFRUIT;4892;30;;;;;4899;30;;;;;4895.5;-13.8125
0;20600;AMETHYSTS;9996;2;9995;21;;;10004;2;10005;21;;;10000.0;8.0
0;20600;STARFRUIT;4892;23;;;;;4899;23;;;;;4895.5;68.875
0;20700;AMETHYSTS;9996;1;9995;30;;;10002;6;10004;1;10005;30;9999.0;12.0
0;20700;STARFRUIT;4892;31;;;;;4893;1;4897;6;4898;1;4892.5;106.625
0;20800;AMETHYSTS;9996;2;9995;23;;;10004;2;10005;23;;;10000.0;12.0
0;20800;STARFRUIT;4896;1;4891;25;;;4898;25;;;;;4897.0;244.25
0;20900;AMETHYSTS;9996;1;9995;23;;;10004;1;10005;23;;;10000.0;12.0
0;20900;STARFRUIT;4891;24;;;;;4898;24;;;;;4894.5;202.8125
0;21000;AMETHYSTS;9995;27;;;;;10005;27;;;;;10000.0;16.0
0;21000;STARFRUIT;4891;27;;;;;4892;3;4898;27;;;4891.5;252.1875
0;21100;AMETHYSTS;9998;1;9996;2;9995;28;10004;2;10005;28;;;10001.0;16.0
0;21100;STARFRUIT;4891;3;4890;28;;;4897;30;;;;;4894.0;322.1875
0;21200;AMETHYSTS;9995;23;;;;;10005;23;;;;;10000.0;12.0
0;21200;STARFRUIT;4890;23;;;;;4897;23;;;;;4893.5;354.75
0;21300;AMETHYSTS;9995;29;;;;;10005;29;;;;;10000.0;12.0
0;21300;STARFRUIT;4891;28;;;;;4897;29;;;;;4894.0;281.875
0;21400;AMETHYSTS;9995;30;;;;;10005;30;;;;;10000.0;12.0
0;21400;STARFRUIT;4891;30;;;;;4898;30;;;;;4894.5;254.9375
0;21500;AMETHYSTS;9996;2;9995;22;;;10004;2;10005;22;;;10000.0;12.0
0;21500;STARFRUIT;4896;4;4892;2;4891;22;4898;24;;;;;4897.0;161.375
0;21600;AMETHYSTS;10002;1;9995;29;;;10005;29;;;;;10003.5;12.0
0;21600;STARFRUIT;4895;2;4892;29;;;4899;29;;;;;4897.0;73.4375
0;21700;AMETHYSTS;9996;1;9995;30;;;10002;10;10004;1;10005;30;9999.0;14.0
0;21700;STARFRUIT;4892;31;;;;;4897;10;4899;31;;;4894.5;55.5625
0;21800;AMETHYSTS;9998;6;9996;1;9995;28;10004;1;10005;28;;;10001.0;14.0
0;21800;STARFRUIT;4893;6;4892;28;;;4899;29;;;;;4896.0;-7.625
0;21900;AMETHYSTS;9996;2;9995;28;;;10004;2;10005;28;;;10000.0;14.0
0;21900;STARFRUIT;4893;2;4892;28;;;4899;30;;;;;4896.0;-0.8125
0;22000;AMETHYSTS;9996;1;9995;23;;;10000;2;10004;1;10005;23;9998.0;10.0
0;22000;STARFRUIT;4891;23;;;;;4898;24;;;;;4894.5;145.25
0;22100;AMETHYSTS;9996;2;9995;23;;;10004;2;10005;23;;;10000.0;10.0
0;22100;STARFRUIT;4892;24;;;;;4898;2;4899;23;;;4895.0;103.5
0;22200;AMETHYSTS;9996;1;9995;27;;;10002;4;10004;1;10005;27;9999.0;6.0
0;22200;STARFRUIT;4892;28;;;;;4897;4;4898;1;4899;27;4894.5;84.25
0;22300;AMETHYSTS;9996;1;9995;29;;;10004;1;10005;29;;;10000.0;6.0
0;22300;STARFRUIT;4892;30;;;;;4898;30;;;;;4895.0;104.4375
0;22400;AMETHYSTS;10002;2;9996;2;9995;24;10004;2;10005;24;;;10003.0;8.0
0;22400;STARFRUIT;4891;26;;;;;4898;26;;;;;4894.5;180.6875
0;22500;AMETHYSTS;10002;6;9995;27;;;10005;27;;;;;10003.5;12.0
0;22500;STARFRUIT;4891;27;;;;;4898;27;;;;;4894.5;167.0
0;22600;AMETHYSTS;9996;1;9995;26;;;10002;9;10004;1;10005;26;9999.0;24.0
0;22600;STARFRUIT;4891;27;;;;;4896;9;4897;1;4898;26;4893.5;238.5625
0;22700;AMETHYSTS;9995;28;;;;;10005;28;;;;;10000.0;24.0
0;22700;STARFRUIT;4891;28;;;;;4898;28;;;;;4894.5;190.25
0;22800;AMETHYSTS;9996;1;9995;29;;;9998;3;10004;1;10005;29;9997.0;24.0
0;22800;STARFRUIT;4892;1;4891;29;;;4898;30;;;;;4895.0;144.75
0;22900;AMETHYSTS;9996;2;9995;24;;;9998;1;10004;2;10005;24;9997.0;24.0
0;22900;STARFRUIT;4892;2;4891;24;;;4898;26;;;;;4895.0;155.1875
0;23000;STARFRUIT;4892;3;4891;26;;;4897;2;4898;24;;;4894.5;256.1875
0;23000;AMETHYSTS;9998;3;9996;2;9995;24;10004;2;10005;24;;;10001.0;24.0
0;23100;AMETHYSTS;9996;1;9995;23;;;10002;10;10004;1;10005;23;9999.0;24.0
0;23100;STARFRUIT;4891;24;;;;;4896;10;4897;1;4898;23;4893.5;252.875
0;23200;AMETHYSTS;9995;26;;;;;9998;1;10002;10;10005;26;9996.5;24.0
0;23200;STARFRUIT;4891;26;;;;;4896;10;4898;26;;;4893.5;264.0
0;23300;STARFRUIT;4891;22;;;;;4897;22;;;;;4894.0;248.1875
0;23300;AMETHYSTS;9995;22;;;;;10005;22;;;;;10000.0;22.0
0;23400;STARFRUIT;4892;6;4891;21;;;4898;21;;;;;4895.0;183.5625
0;23400;AMETHYSTS;9998;6;9995;21;;;10005;21;;;;;10001.5;22.0
0;23500;AMETHYSTS;9996;2;9995;26;;;10004;2;10005;26;;;10000.0;22.0
0;23500;STARFRUIT;4894;2;4891;28;;;4898;28;;;;;4896.0;142.75
0;23600;AMETHYSTS;9995;21;;;;;10002;6;10005;21;;;9998.5;22.0
0;23600;STARFRUIT;4890;21;;;;;4895;3;4897;21;;;4892.5;323.375
0;23700;STARFRUIT;4890;24;;;;;4897;24;;;;;4893.5;269.875
0;23700;AMETHYSTS;9995;24;;;;;10005;24;;;;;10000.0;22.0
0;23800;STARFRUIT;4891;23;;;;;4897;2;4898;21;;;4894.0;198.25
0;23800;AMETHYSTS;9996;2;9995;21;;;10004;2;10005;21;;;10000.0;22.0
0;23900;AMETHYSTS;9995;20;;;;;10005;20;;;;;10000.0;22.0
0;23900;STARFRUIT;4896;1;4891;20;;;4897;20;;;;;4896.5;253.75
0;24000;AMETHYSTS;9996;1;9995;22;;;10002;6;10004;1;10005;22;9999.0;22.0
0;24000;STARFRUIT;4891;1;4890;22;;;4895;6;4897;23;;;4893.0;264.875
0;24100;STARFRUIT;4890;26;;;;;4897;26;;;;;4893.5;330.625
0;24100;AMETHYSTS;9996;2;9995;24;;;10004;2;10005;24;;;10000.0;22.0
0;24200;STARFRUIT;4896;1;4892;5;4891;27;4897;27;;;;;4896.5;246.625
0;24200;AMETHYSTS;9998;4;9996;2;9995;25;10004;2;10005;25;;;10001.0;20.0
0;24300;AMETHYSTS;10002;6;9996;2;9995;21;10004;2;10005;21;;;10003.0;20.0
0;24300;STARFRUIT;4891;2;4890;21;;;4897;23;;;;;4894.0;305.8125
0;24400;AMETHYSTS;9995;25;;;;;10005;25;;;;;10000.0;32.0
0;24400;STARFRUIT;4890;25;;;;;4897;25;;;;;4893.5;349.6875
0;24500;AMETHYSTS;9995;21;;;;;9998;2;10002;7;10005;21;9996.5;32.0
0;24500;STARFRUIT;4894;4;4890;21;;;4895;7;4897;21;;;4894.5;413.6875
0;24600;AMETHYSTS;9996;1;9995;26;;;10004;1;10005;26;;;10000.0;28.0
0;24600;STARFRUIT;4890;27;;;;;4896;27;;;;;4893.0;456.1875
0;24700;AMETHYSTS;9996;2;9995;20;;;10004;2;10005;20;;;10000.0;28.0
0;24700;STARFRUIT;4890;22;;;;;4896;2;4897;20;;;4893.0;412.4375
0;24800;AMETHYSTS;9996;2;9995;26;;;10004;2;10005;26;;;10000.0;32.0
0;24800;STARFRUIT;4889;28;;;;;4896;28;;;;;4892.5;538.625
0;24900;AMETHYSTS;9998;5;9996;2;9995;28;10004;2;10005;28;;;10001.0;32.0
0;24900;STARFRUIT;4890;7;4889;28;;;4896;30;;;;;4893.0;512.4375
0;25000;AMETHYSTS;9996;1;9995;26;;;10002;1;10004;1;10005;26;9999.0;32.0
0;25000;STARFRUIT;4889;27;;;;;4894;1;4896;27;;;4891.5;528.5
0;25100;AMETHYSTS;9995;23;;;;;10005;23;;;;;10000.0;32.0
0;25100;STARFRUIT;4892;6;4889;23;;;4896;23;;;;;4894.0;528.5
0;25200;AMETHYSTS;9996;2;9995;24;;;10004;2;10005;24;;;10000.0;42.0
0;25200;STARFRUIT;4890;25;;;;;4896;26;;;;;4893.0;436.125
0;25300;AMETHYSTS;9996;2;9995;24;;;10002;1;10004;2;10005;24;9999.0;42.0
0;25300;STARFRUIT;4890;2;4889;24;;;4894;1;4896;26;;;4892.0;494.25
0;25400;AMETHYSTS;9998;2;9996;2;9995;30;10004;2;10005;30;;;10001.0;38.0
0;25400;STARFRUIT;4890;2;4889;32;;;4896;32;;;;;4893.0;568.875
0;25500;AMETHYSTS;9998;3;9996;2;9995;23;10004;2;10005;23;;;10001.0;42.0
0;25500;STARFRUIT;4890;3;4889;25;;;4896;25;;;;;4893.0;571.0625
0;25600;AMETHYSTS;9996;1;9995;30;;;10004;1;10005;30;;;10000.0;42.0
0;25600;STARFRUIT;4894;1;4889;31;;;4895;31;;;;;4894.5;647.75
0;25700;AMETHYSTS;9996;1;9995;22;;;10004;1;10005;22;;;10000.0;42.0
0;25700;STARFRUIT;4889;23;;;;;4895;1;4896;22;;;4892.0;623.0625
0;25800;AMETHYSTS;9996;1;9995;27;;;10004;1;10005;27;;;10000.0;42.0
0;25800;STARFRUIT;4889;28;;;;;4895;28;;;;;4892.0;640.4375
0;25900;AMETHYSTS;9995;28;;;;;10005;28;;;;;10000.0;42.0
0;25900;STARFRUIT;4888;28;;;;;4895;28;;;;;4891.5;721.5625
0;26000;AMETHYSTS;9995;24;;;;;10002;7;10005;24;;;9998.5;42.0
0;26000;STARFRUIT;4888;24;;;;;4893;7;4895;24;;;4890.5;728.75
0;26100;AMETHYSTS;9995;25;;;;;10002;7;10005;25;;;9998.5;42.0
0;26100;STARFRUIT;4888;25;;;;;4893;7;4895;25;;;4890.5;703.8125
0;26200;AMETHYSTS;9996;1;9995;25;;;10004;1;10005;25;;;10000.0;42.0
0;26200;STARFRUIT;4888;26;;;;;4894;1;4895;25;;;4891.0;833.5625
0;26300;AMETHYSTS;9995;24;;;;;10005;24;;;;;10000.0;42.0
0;26300;STARFRUIT;4888;24;;;;;4895;24;;;;;4891.5;753.75
0;26400;AMETHYSTS;10002;3;9995;29;;;10005;29;;;;;10003.5;42.0
0;26400;STARFRUIT;4888;28;;;;;4895;29;;;;;4891.5;832.375
0;26500;AMETHYSTS;9996;1;9995;23;;;10002;4;10004;1;10005;23;9999.0;42.0
0;26500;STARFRUIT;4888;24;;;;;4893;3;4895;24;;;4890.5;763.0625
0;26600;AMETHYSTS;10002;3;9998;1;9996;1;10004;1;10005;21;;;10003.0;46.0
0;26600;STARFRUIT;4889;1;4888;22;;;4894;1;4895;21;;;4891.5;845.125
0;26700;AMETHYSTS;9995;24;;;;;10000;6;10005;24;;;9997.5;52.0
0;26700;STARFRUIT;4888;24;;;;;4895;24;;;;;4891.5;847.0
0;26800;AMETHYSTS;9995;24;;;;;10005;24;;;;;10000.0;52.0
0;26800;STARFRUIT;4888;24;;;;;4895;24;;;;;4891.5;844.3125
0;26900;AMETHYSTS;9995;27;;;;;9998;1;10002;5;10005;27;9996.5;52.0
0;26900;STARFRUIT;4888;27;;;;;4893;5;4895;27;;;4890.5;707.3125
0;27000;AMETHYSTS;9996;1;9995;30;;;10002;7;10004;1;10005;30;9999.0;50.0
0;27000;STARFRUIT;4889;31;;;;;4894;7;4895;31;;;4891.5;638.75
0;27100;AMETHYSTS;9996;2;9995;22;;;10002;7;10004;2;10005;22;9999.0;50.0
0;27100;STARFRUIT;4889;2;4888;22;;;4893;7;4895;24;;;4891.0;677.8125
0;27200;AMETHYSTS;9998;2;9996;2;9995;29;10004;2;10005;29;;;10001.0;50.0
0;27200;STARFRUIT;4893;3;4890;2;4889;31;4895;31;;;;;4894.0;642.3125
0;27300;AMETHYSTS;10000;5;9996;2;9995;25;10004;2;10005;25;;;10002.0;50.0
0;27300;STARFRUIT;4889;27;;;;;4895;27;;;;;4892.0;651.625
0;27400;AMETHYSTS;9996;1;9995;24;;;10004;1;10005;24;;;10000.0;50.0
0;27400;STARFRUIT;4889;25;;;;;4895;25;;;;;4892.0;657.875
0;27500;STARFRUIT;4888;26;;;;;4890;1;4893;10;4895;26;4889.0;721.5
0;27500;AMETHYSTS;9996;2;9995;24;;;10002;10;10004;2;10005;24;9999.0;54.0
0;27600;AMETHYSTS;9996;1;9995;22;;;9998;1;10004;1;10005;22;9997.0;54.0
0;27600;STARFRUIT;4888;23;;;;;4895;23;;;;;4891.5;722.875
0;27700;STARFRUIT;4888;26;;;;;4895;26;;;;;4891.5;727.75
0;27700;AMETHYSTS;9996;2;9995;24;;;10004;2;10005;24;;;10000.0;52.0
0;27800;AMETHYSTS;9995;28;;;;;10005;28;;;;;10000.0;28.0
0;27800;STARFRUIT;4888;28;;;;;4895;28;;;;;4891.5;832.75
0;27900;STARFRUIT;4888;26;;;;;4894;1;4895;25;;;4891.0;818.875
0;27900;AMETHYSTS;9996;1;9995;25;;;9998;4;10004;1;10005;25;9997.0;28.0
0;28000;AMETHYSTS;9995;24;;;;;10002;9;10005;24;;;9998.5;20.0
0;28000;STARFRUIT;4888;24;;;;;4893;9;4894;24;;;4890.5;866.0
0;28100;STARFRUIT;4888;22;;;;;4895;22;;;;;4891.5;768.75
0;28100;AMETHYSTS;9995;22;;;;;10005;22;;;;;10000.0;22.0
0;28200;AMETHYSTS;9996;1;9995;29;;;10004;1;10005;29;;;10000.0;17.0
0;28200;STARFRUIT;4888;1;4887;29;;;4894;30;;;;;4891.0;931.75
0;28300;STARFRUIT;4888;24;;;;;4892;7;4894;24;;;4890.0;883.375
0;28300;AMETHYSTS;9996;1;9995;23;;;10002;7;10004;1;10005;23;9999.0;17.0
0;28400;AMETHYSTS;9995;21;;;;;10002;9;10005;21;;;9998.5;17.0
0;28400;STARFRUIT;4887;21;;;;;4892;9;4894;21;;;4889.5;1003.625
0;28500;STARFRUIT;4892;1;4887;31;;;4894;31;;;;;4893.0;987.875
0;28500;AMETHYSTS;9996;1;9995;30;;;10004;1;10005;30;;;10000.0;17.0
0;28600;AMETHYSTS;9998;7;9996;2;9995;29;10004;2;10005;29;;;10001.0;17.0
0;28600;STARFRUIT;4888;6;4887;31;;;4894;31;;;;;4891.0;989.25
0;28700;STARFRUIT;4887;25;;;;;4893;1;4894;24;;;4890.0;1078.875
0;28700;AMETHYSTS;9996;1;9995;24;;;10004;1;10005;24;;;10000.0;17.0
0;28800;AMETHYSTS;9996;2;9995;20;;;10004;2;10005;20;;;10000.0;-15.0
0;28800;STARFRUIT;4887;2;4886;20;;;4893;22;;;;;4890.0;1147.625
0;28900;STARFRUIT;4887;22;;;;;4894;22;;;;;4890.5;1075.125
0;28900;AMETHYSTS;9995;22;;;;;10005;22;;;;;10000.0;-15.0
0;29000;AMETHYSTS;9995;24;;;;;10005;24;;;;;10000.0;-15.0
0;29000;STARFRUIT;4887;24;;;;;4894;24;;;;;4890.5;1043.25
0;29100;AMETHYSTS;9998;9;9996;2;9995;29;10004;2;10005;29;;;10001.0;-10.0
0;29100;STARFRUIT;4888;9;4887;31;;;4893;2;4894;29;;;4890.5;1042.875
0;29200;AMETHYSTS;9995;20;;;;;10002;3;10005;20;;;9998.5;-6.0
0;29200;STARFRUIT;4887;20;;;;;4892;4;4894;20;;;4889.5;975.375
0;29300;AMETHYSTS;9995;25;;;;;10005;25;;;;;10000.0;-6.0
0;29300;STARFRUIT;4887;25;;;;;4888;1;4894;25;;;4887.5;923.125
0;29400;AMETHYSTS;9996;1;9995;23;;;10004;1;10005;23;;;10000.0;-6.0
0;29400;STARFRUIT;4892;4;4888;1;4887;23;4894;24;;;;;4893.0;909.125
0;29500;AMETHYSTS;10002;1;9996;2;9995;22;10004;2;10005;22;;;10003.0;-6.0
0;29500;STARFRUIT;4888;24;;;;;4894;24;;;;;4891.0;881.0
0;29600;AMETHYSTS;9995;20;;;;;9998;1;10005;20;;;9996.5;-6.0
0;29600;STARFRUIT;4887;20;;;;;4894;20;;;;;4890.5;924.25
0;29700;AMETHYSTS;9996;1;9995;26;;;10004;1;10005;26;;;10000.0;-6.0
0;29700;STARFRUIT;4888;27;;;;;4894;27;;;;;4891.0;893.375
0;29800;AMETHYSTS;9998;7;9996;1;9995;29;10004;1;10005;29;;;10001.0;-6.0
0;29800;STARFRUIT;4888;7;4887;30;;;4894;30;;;;;4891.0;963.25
0;29900;AMETHYSTS;9998;8;9996;1;9995;26;10000;2;10004;1;10005;26;9999.0;2.0
0;29900;STARFRUIT;4888;8;4887;27;;;4894;27;;;;;4891.0;966.625
0;30000;AMETHYSTS;9996;1;9995;20;;;10002;7;10004;1;10005;20;9999.0;2.0
0;30000;STARFRUIT;4887;21;;;;;4892;6;4894;21;;;4889.5;977.875
0;30100;AMETHYSTS;9995;22;;;;;10000;5;10005;22;;;9997.5;2.0
0;30100;STARFRUIT;4887;22;;;;;4894;22;;;;;4890.5;979.875
0;30200;AMETHYSTS;9996;2;9995;22;;;10004;2;10005;22;;;10000.0;2.0
0;30200;STARFRUIT;4887;24;;;;;4890;2;4894;24;;;4888.5;982.5
0;30300;AMETHYSTS;9996;2;9995;28;;;10002;7;10004;2;10005;28;9999.0;2.0
0;30300;STARFRUIT;4888;2;4887;28;;;4892;7;4894;30;;;4890.0;931.25
0;30400;AMETHYSTS;9996;2;9995;21;;;10004;2;10005;21;;;10000.0;2.0
0;30400;STARFRUIT;4888;2;4887;21;;;4894;23;;;;;4891.0;926.75
0;30500;AMETHYSTS;9996;1;9995;28;;;10004;1;10005;28;;;10000.0;2.0
0;30500;STARFRUIT;4887;29;;;;;4893;1;4894;28;;;4890.0;1041.75
0;30600;AMETHYSTS;9995;30;;;;;10005;30;;;;;10000.0;2.0
0;30600;STARFRUIT;4886;30;;;;;4893;30;;;;;4889.5;1137.125
0;30700;AMETHYSTS;9996;1;9995;22;;;10004;1;10005;22;;;10000.0;2.0
0;30700;STARFRUIT;4891;3;4887;23;;;4893;23;;;;;4892.0;1108.25
0;30800;AMETHYSTS;9995;29;;;;;10005;29;;;;;10000.0;2.0
0;30800;STARFRUIT;4887;29;;;;;4893;29;;;;;4890.0;1124.75
0;30900;AMETHYSTS;9998;2;9995;23;;;10005;23;;;;;10001.5;2.0
0;30900;STARFRUIT;4887;2;4886;23;;;4893;23;;;;;4890.0;1163.0
0;31000;AMETHYSTS;9995;20;;;;;10005;20;;;;;10000.0;2.0
0;31000;STARFRUIT;4887;20;;;;;4894;20;;;;;4890.5;1102.375
0;31100;AMETHYSTS;9996;1;9995;21;;;10004;1;10005;21;;;10000.0;2.0
0;31100;STARFRUIT;4887;22;;;;;4893;22;;;;;4890.0;1114.5
0;31200;AMETHYSTS;9996;2;9995;27;;;10004;2;10005;27;;;10000.0;2.0
0;31200;STARFRUIT;4887;1;4886;27;;;4893;29;;;;;4890.0;1144.0
0;31300;AMETHYSTS;9995;30;;;;;10005;30;;;;;10000.0;2.0
0;31300;STARFRUIT;4886;30;;;;;4893;30;;;;;4889.5;1141.0
0;31400;AMETHYSTS;9996;2;9995;30;;;10004;2;10005;30;;;10000.0;2.0
0;31400;STARFRUIT;4887;32;;;;;4894;32;;;;;4890.5;1043.625
0;31500;AMETHYSTS;9995;23;;;;;10005;23;;;;;10000.0;2.0
0;31500;STARFRUIT;4887;23;;;;;4888;1;4894;23;;;4887.5;969.875
0;31600;AMETHYSTS;9998;2;9996;2;9995;30;10004;2;10005;30;;;10001.0;2.0
0;31600;STARFRUIT;4889;2;4888;32;;;4894;32;;;;;4891.5;864.5
0;31700;AMETHYSTS;9995;29;;;;;9998;4;10002;2;10005;29;9996.5;2.0
0;31700;STARFRUIT;4887;29;;;;;4892;2;4894;29;;;4889.5;931.0
0;31800;AMETHYSTS;9995;21;;;;;10005;21;;;;;10000.0;-6.0
0;31800;STARFRUIT;4887;21;;;;;4894;21;;;;;4890.5;966.625
0;31900;STARFRUIT;4888;11;4887;27;;;4894;29;;;;;4891.0;897.75
0;31900;AMETHYSTS;9998;9;9996;2;9995;27;10004;2;10005;27;;;10001.0;-6.0
0;32000;STARFRUIT;4887;30;;;;;4893;30;;;;;4890.0;1124.5
0;32000;AMETHYSTS;9996;1;9995;29;;;10000;3;10004;1;10005;29;9998.0;-4.0
0;32100;AMETHYSTS;9996;1;9995;30;;;10004;1;10005;30;;;10000.0;-4.0
0;32100;STARFRUIT;4887;31;;;;;4894;31;;;;;4890.5;1015.25
0;32200;AMETHYSTS;9996;1;9995;25;;;10002;7;10004;1;10005;25;9999.0;-4.0
0;32200;STARFRUIT;4887;1;4886;25;;;4891;6;4893;26;;;4889.0;1175.25
0;32300;STARFRUIT;4886;26;;;;;4891;7;4892;1;4893;25;4888.5;1314.125
0;32300;AMETHYSTS;9996;1;9995;25;;;10002;6;10004;1;10005;25;9999.0;-2.0
0;32400;STARFRUIT;4886;1;4885;27;;;4890;1;4892;29;;;4888.0;1432.375
0;32400;AMETHYSTS;9996;2;9995;27;;;10002;1;10004;2;10005;27;9999.0;-2.0
0;32500;AMETHYSTS;9996;2;9995;23;;;10004;2;10005;23;;;10000.0;-2.0
0;32500;STARFRUIT;4890;1;4885;25;;;4892;25;;;;;4891.0;1516.0
0;32600;AMETHYSTS;9995;30;;;;;10005;30;;;;;10000.0;-2.0
0;32600;STARFRUIT;4885;30;;;;;4892;30;;;;;4888.5;1550.75
0;32700;STARFRUIT;4886;27;;;;;4892;27;;;;;4889.0;1370.875
0;32700;AMETHYSTS;10002;1;9996;1;9995;26;10004;1;10005;26;;;10003.0;-2.0
0;32800;STARFRUIT;4885;23;;;;;4892;23;;;;;4888.5;1400.875
0;32800;AMETHYSTS;9995;23;;;;;10005;23;;;;;10000.0;0.0
0;32900;AMETHYSTS;9996;1;9995;23;;;10002;1;10004;1;10005;23;9999.0;0.0
0;32900;STARFRUIT;4886;1;4885;23;;;4890;1;4892;24;;;4888.0;1403.625
0;33000;AMETHYSTS;10002;1;9996;1;9995;27;10004;1;10005;27;;;10003.0;0.0
0;33000;STARFRUIT;4885;28;;;;;4892;28;;;;;4888.5;1442.375
0;33100;STARFRUIT;4884;24;;;;;4891;24;;;;;4887.5;1666.625
0;33100;AMETHYSTS;9995;24;;;;;10005;24;;;;;10000.0;0.0
0;33200;STARFRUIT;4884;25;;;;;4889;9;4891;25;;;4886.5;1775.375
0;33200;AMETHYSTS;9995;25;;;;;10002;9;10005;25;;;9998.5;0.0
0;33300;AMETHYSTS;9996;2;9995;24;;;10002;7;10004;2;10005;24;9999.0;0.0
0;33300;STARFRUIT;4885;26;;;;;4890;7;4891;2;4892;24;4887.5;1535.375
0;33400;AMETHYSTS;9995;27;;;;;10005;27;;;;;10000.0;0.0
0;33400;STARFRUIT;4885;27;;;;;4892;27;;;;;4888.5;1502.625
0;33500;AMETHYSTS;9998;10;9995;25;;;10005;25;;;;;10001.5;0.0
0;33500;STARFRUIT;4886;10;4885;25;;;4892;25;;;;;4889.0;1414.5
0;33600;AMETHYSTS;9995;27;;;;;10005;27;;;;;10000.0;0.0
0;33600;STARFRUIT;4884;27;;;;;4885;1;4891;27;;;4884.5;1647.125
0;33700;AMETHYSTS;9998;7;9996;1;9995;22;10004;1;10005;22;;;10001.0;-2.0
0;33700;STARFRUIT;4885;2;4884;22;;;4891;23;;;;;4888.0;1653.25
0;33800;AMETHYSTS;10002;1;9995;26;;;10005;26;;;;;10003.5;-2.0
0;33800;STARFRUIT;4884;26;;;;;4891;26;;;;;4887.5;1672.875
0;33900;AMETHYSTS;9995;24;;;;;10005;24;;;;;10000.0;0.0
0;33900;STARFRUIT;4884;24;;;;;4891;24;;;;;4887.5;1660.875
0;34000;AMETHYSTS;10002;1;9996;1;9995;24;10004;1;10005;24;;;10003.0;10.0
0;34000;STARFRUIT;4889;1;4885;1;4884;24;4891;25;;;;;4890.0;1633.25
0;34100;AMETHYSTS;9996;1;9995;26;;;10004;1;10005;26;;;10000.0;10.0
0;34100;STARFRUIT;4884;26;;;;;4885;7;4891;27;;;4884.5;1622.625
0;34200;AMETHYSTS;9996;1;9995;26;;;10004;1;10005;26;;;10000.0;10.0
0;34200;STARFRUIT;4885;1;4884;26;;;4891;27;;;;;4888.0;1613.5
0;34300;AMETHYSTS;9996;2;9995;20;;;10004;2;10005;20;;;10000.0;-12.0
0;34300;STARFRUIT;4885;1;4884;20;;;4891;22;;;;;4888.0;1618.625
0;34400;AMETHYSTS;9996;2;9995;23;;;10004;2;10005;23;;;10000.0;-12.0
0;34400;STARFRUIT;4884;24;;;;;4890;2;4891;23;;;4887.0;1769.875
0;34500;AMETHYSTS;9995;25;;;;;10002;2;10005;25;;;9998.5;-12.0
0;34500;STARFRUIT;4884;25;;;;;4889;2;4891;25;;;4886.5;1721.125
0;34600;AMETHYSTS;9995;22;;;;;10005;22;;;;;10000.0;-12.0
0;34600;STARFRUIT;4884;22;;;;;4891;22;;;;;4887.5;1729.625
0;34700;AMETHYSTS;9995;29;;;;;9998;5;10005;29;;;9996.5;-12.0
0;34700;STARFRUIT;4884;29;;;;;4891;29;;;;;4887.5;1650.875
0;34800;AMETHYSTS;10002;1;10000;2;9995;24;10005;24;;;;;10003.5;-22.0
0;34800;STARFRUIT;4884;24;;;;;4887;6;4891;24;;;4885.5;1619.375
0;34900;AMETHYSTS;9996;2;9995;22;;;10004;2;10005;22;;;10000.0;-20.0
0;34900;STARFRUIT;4884;23;;;;;4891;24;;;;;4887.5;1733.25
0;35000;AMETHYSTS;9996;2;9995;20;;;10002;10;10004;2;10005;20;9999.0;-20.0
0;35000;STARFRUIT;4885;2;4884;20;;;4889;10;4891;22;;;4887.0;1605.0
0;35100;AMETHYSTS;9996;1;9995;25;;;10004;1;10005;25;;;10000.0;-20.0
0;35100;STARFRUIT;4884;26;;;;;4890;26;;;;;4887.0;1813.875
0;35200;AMETHYSTS;9995;24;;;;;10005;24;;;;;10000.0;-20.0
0;35200;STARFRUIT;4883;24;;;;;4884;1;4890;24;;;4883.5;1920.625
0;35300;AMETHYSTS;9998;9;9995;24;;;10005;24;;;;;10001.5;-20.0
0;35300;STARFRUIT;4884;9;4883;24;;;4890;24;;;;;4887.0;1902.125
0;35400;AMETHYSTS;9995;22;;;;;10005;22;;;;;10000.0;-20.0
0;35400;STARFRUIT;4883;22;;;;;4890;22;;;;;4886.5;1920.5
0;35500;AMETHYSTS;10002;5;9995;25;;;10005;25;;;;;10003.5;-20.0
0;35500;STARFRUIT;4883;24;;;;;4890;25;;;;;4886.5;1976.875
0;35600;AMETHYSTS;9998;10;9996;1;9995;26;10004;1;10005;26;;;10001.0;-20.0
0;35600;STARFRUIT;4884;9;4883;27;;;4889;27;;;;;4886.5;2076.25
0;35700;AMETHYSTS;10002;1;9996;1;9995;26;10004;1;10005;26;;;10003.0;-18.0
0;35700;STARFRUIT;4883;27;;;;;4888;1;4889;1;4890;26;4885.5;2011.25
0;35800;AMETHYSTS;9996;2;9995;28;;;10004;2;10005;28;;;10000.0;-16.0
0;35800;STARFRUIT;4883;30;;;;;4889;30;;;;;4886.0;2087.75
0;35900;AMETHYSTS;9996;1;9995;29;;;10002;3;10004;1;10005;29;9999.0;-16.0
0;35900;STARFRUIT;4883;30;;;;;4884;4;4887;3;4889;30;4883.5;2081.125
0;36000;AMETHYSTS;9995;28;;;;;9998;1;10005;28;;;9996.5;-16.0
0;36000;STARFRUIT;4883;28;;;;;4890;28;;;;;4886.5;1982.25
0;36100;AMETHYSTS;9995;26;;;;;9998;4;10005;26;;;9996.5;-18.0
0;36100;STARFRUIT;4883;26;;;;;4890;26;;;;;4886.5;1881.875
0;36200;AMETHYSTS;9996;1;9995;29;;;10002;3;10004;1;10005;29;9999.0;-18.0
0;36200;STARFRUIT;4884;30;;;;;4889;3;4890;1;4891;29;4886.5;1735.25
0;36300;AMETHYSTS;9995;22;;;;;9998;1;10005;22;;;9996.5;-18.0
0;36300;STARFRUIT;4884;21;;;;;4890;22;;;;;4887.0;1801.125
0;36400;AMETHYSTS;9996;1;9995;27;;;10002;5;10004;1;10005;27;9999.0;-18.0
0;36400;STARFRUIT;4884;28;;;;;4888;5;4890;28;;;4886.0;1814.0
0;36500;STARFRUIT;4884;27;;;;;4889;10;4891;27;;;4886.5;1634.125
0;36500;AMETHYSTS;9996;1;9995;26;;;10002;10;10004;1;10005;26;9999.0;-18.0
0;36600;AMETHYSTS;10002;4;9998;1;9995;21;10005;21;;;;;10003.5;-22.0
0;36600;STARFRUIT;4885;1;4884;21;;;4891;21;;;;;4888.0;1565.25
0;36700;STARFRUIT;4889;11;4884;30;;;4891;30;;;;;4890.0;1558.375
0;36700;AMETHYSTS;10002;1;9995;30;;;10005;30;;;;;10003.5;-22.0
0;36800;AMETHYSTS;10002;1;9996;1;9995;26;10004;1;10005;26;;;10003.0;-20.0
0;36800;STARFRUIT;4884;27;;;;;4887;2;4891;27;;;4885.5;1704.625
0;36900;STARFRUIT;4884;31;;;;;4889;3;4890;2;4891;29;4886.5;1727.875
0;36900;AMETHYSTS;9996;2;9995;29;;;10002;3;10004;2;10005;29;9999.0;-18.0
0;37000;AMETHYSTS;9998;4;9995;23;;;10005;23;;;;;10001.5;-18.0
0;37000;STARFRUIT;4886;2;4884;4;4883;23;4890;23;;;;;4888.0;1823.875
0;37100;STARFRUIT;4889;1;4884;24;;;4890;1;4891;23;;;4889.5;1727.625
0;37100;AMETHYSTS;9996;1;9995;23;;;10004;1;10005;23;;;10000.0;-18.0
0;37200;AMETHYSTS;9998;2;9995;22;;;10005;22;;;;;10001.5;-20.0
0;37200;STARFRUIT;4885;3;4884;22;;;4891;22;;;;;4888.0;1703.875
0;37300;STARFRUIT;4883;27;;;;;4888;7;4890;27;;;4885.5;1928.5
0;37300;AMETHYSTS;10002;5;9995;27;;;10005;27;;;;;10003.5;-6.0
0;37400;AMETHYSTS;9996;1;9995;22;;;10004;1;10005;22;;;10000.0;4.0
0;37400;STARFRUIT;4883;23;;;;;4889;23;;;;;4886.0;2054.125
0;37500;STARFRUIT;4888;1;4883;2;4882;29;4889;29;;;;;4888.5;2113.375
0;37500;AMETHYSTS;10002;1;9998;2;9995;29;10005;29;;;;;10003.5;4.0
0;37600;AMETHYSTS;9996;2;9995;24;;;10004;2;10005;24;;;10000.0;4.0
0;37600;STARFRUIT;4883;26;;;;;4889;2;4890;24;;;4886.0;2048.375
0;37700;STARFRUIT;4888;1;4883;29;;;4889;1;4890;28;;;4888.5;2020.75
0;37700;AMETHYSTS;9996;1;9995;28;;;10004;1;10005;28;;;10000.0;4.0
0;37800;AMETHYSTS;9996;2;9995;27;;;10004;2;10005;27;;;10000.0;4.0
0;37800;STARFRUIT;4883;29;;;;;4889;2;4890;27;;;4886.0;2033.75
0;37900;AMETHYSTS;9996;2;9995;27;;;10000;3;10004;2;10005;27;9998.0;4.0
0;37900;STARFRUIT;4882;29;;;;;4884;2;4889;29;;;4883.0;2171.0
0;38000;AMETHYSTS;9995;25;;;;;10002;5;10005;25;;;9998.5;4.0
0;38000;STARFRUIT;4882;25;;;;;4887;5;4889;25;;;4884.5;2158.0
0;38100;AMETHYSTS;9995;28;;;;;10005;28;;;;;10000.0;4.0
0;38100;STARFRUIT;4883;27;;;;;4890;28;;;;;4886.5;2015.875
0;38200;AMETHYSTS;9995;23;;;;;9998;2;10005;23;;;9996.5;-6.0
0;38200;STARFRUIT;4884;5;4883;23;;;4890;23;;;;;4887.0;1971.125
0;38300;AMETHYSTS;9996;1;9995;26;;;10004;1;10005;26;;;10000.0;-10.0
0;38300;STARFRUIT;4883;27;;;;;4890;27;;;;;4886.5;1917.25
0;38400;AMETHYSTS;10002;1;9995;21;;;10005;21;;;;;10003.5;-10.0
0;38400;STARFRUIT;4883;20;;;;;4890;21;;;;;4886.5;1929.75
0;38500;AMETHYSTS;10002;1;9996;2;9995;23;10004;2;10005;23;;;10003.0;-10.0
0;38500;STARFRUIT;4888;1;4883;25;;;4889;2;4890;23;;;4888.5;1964.75
0;38600;AMETHYSTS;10002;5;9995;27;;;10005;27;;;;;10003.5;-8.0
0;38600;STARFRUIT;4883;27;;;;;4890;27;;;;;4886.5;1937.5
0;38700;AMETHYSTS;9996;1;9995;29;;;10004;1;10005;29;;;10000.0;2.0
0;38700;STARFRUIT;4884;30;;;;;4890;1;4891;29;;;4887.0;1692.25
0;38800;AMETHYSTS;9995;27;;;;;10005;27;;;;;10000.0;2.0
0;38800;STARFRUIT;4884;27;;;;;4891;27;;;;;4887.5;1684.625
0;38900;AMETHYSTS;9996;1;9995;25;;;10004;1;10005;25;;;10000.0;10.0
0;38900;STARFRUIT;4884;26;;;;;4889;4;4891;26;;;4886.5;1652.75
0;39000;AMETHYSTS;9995;29;;;;;10005;29;;;;;10000.0;10.0
0;39000;STARFRUIT;4884;29;;;;;4890;29;;;;;4887.0;1752.75
0;39100;AMETHYSTS;9996;1;9995;29;;;10002;10;10004;1;10005;29;9999.0;10.0
0;39100;STARFRUIT;4884;1;4883;29;;;4888;10;4890;30;;;4886.0;1817.25
0;39200;AMETHYSTS;9995;24;;;;;10005;24;;;;;10000.0;10.0
0;39200;STARFRUIT;4888;1;4883;24;;;4889;24;;;;;4888.5;2046.0
0;39300;AMETHYSTS;9998;3;9996;1;9995;26;10004;1;10005;26;;;10001.0;10.0
0;39300;STARFRUIT;4884;3;4883;27;;;4889;1;4890;26;;;4886.5;1967.25
0;39400;AMETHYSTS;9996;2;9995;27;;;10004;2;10005;27;;;10000.0;10.0
0;39400;STARFRUIT;4884;29;;;;;4891;29;;;;;4887.5;1651.875
0;39500;AMETHYSTS;9996;2;9995;20;;;10004;2;10005;20;;;10000.0;14.0
0;39500;STARFRUIT;4884;22;;;;;4890;2;4891;20;;;4887.0;1714.625
0;39600;AMETHYSTS;9995;22;;;;;10005;22;;;;;10000.0;14.0
0;39600;STARFRUIT;4884;22;;;;;4890;22;;;;;4887.0;1763.5
0;39700;AMETHYSTS;9995;20;;;;;10005;20;;;;;10000.0;24.0
0;39700;STARFRUIT;4883;20;;;;;4890;20;;;;;4886.5;1958.0
0;39800;AMETHYSTS;9996;1;9995;30;;;10002;3;10004;1;10005;30;9999.0;59.0
0;39800;STARFRUIT;4883;31;;;;;4888;3;4890;31;;;4885.5;1948.375
0;39900;AMETHYSTS;9998;1;9996;2;9995;30;10004;2;10005;30;;;10001.0;59.0
0;39900;STARFRUIT;4884;3;4883;30;;;4890;32;;;;;4887.0;1808.625
0;40000;AMETHYSTS;9998;9;9996;1;9995;30;10004;1;10005;30;;;10001.0;59.0
0;40000;STARFRUIT;4888;5;4884;9;4883;31;4890;31;;;;;4889.0;1853.375
0;40100;AMETHYSTS;10002;1;9995;27;;;10005;27;;;;;10003.5;59.0
0;40100;STARFRUIT;4883;27;;;;;4890;27;;;;;4886.5;1879.125
0;40200;AMETHYSTS;9996;1;9995;22;;;10002;7;10004;1;10005;22;9999.0;61.0
0;40200;STARFRUIT;4884;23;;;;;4889;7;4890;1;4891;22;4886.5;1684.0
0;40300;AMETHYSTS;9996;1;9995;24;;;10000;4;10004;1;10005;24;9998.0;61.0
0;40300;STARFRUIT;4884;25;;;;;4890;25;;;;;4887.0;1776.875
0;40400;AMETHYSTS;9996;1;9995;20;;;10002;10;10004;1;10005;20;9999.0;37.0
0;40400;STARFRUIT;4884;21;;;;;4889;10;4891;21;;;4886.5;1646.75
0;40500;AMETHYSTS;9995;24;;;;;10005;24;;;;;10000.0;37.0
0;40500;STARFRUIT;4884;24;;;;;4887;2;4891;24;;;4885.5;1683.5
0;40600;AMETHYSTS;9996;2;9995;24;;;9998;7;10004;2;10005;24;9997.0;37.0
0;40600;STARFRUIT;4884;2;4883;24;;;4890;26;;;;;4887.0;1856.75
0;40700;AMETHYSTS;9996;2;9995;24;;;10004;2;10005;24;;;10000.0;37.0
0;40700;STARFRUIT;4883;26;;;;;4890;26;;;;;4886.5;1951.75
0;40800;AMETHYSTS;9995;29;;;;;10005;29;;;;;10000.0;37.0
0;40800;STARFRUIT;4883;29;;;;;4890;29;;;;;4886.5;1901.375
0;40900;STARFRUIT;4883;22;;;;;4890;22;;;;;4886.5;1854.75
0;40900;AMETHYSTS;9995;22;;;;;10005;22;;;;;10000.0;37.0
0;41000;STARFRUIT;4884;27;;;;;4886;4;4890;22;;;4885.0;1786.5
0;41000;AMETHYSTS;9998;5;9995;22;;;10005;22;;;;;10001.5;37.0
0;41100;AMETHYSTS;9996;1;9995;22;;;10004;1;10005;22;;;10000.0;37.0
0;41100;STARFRUIT;4884;23;;;;;4890;1;4891;22;;;4887.0;1689.875
0;41200;AMETHYSTS;9996;1;9995;25;;;9998;8;10004;1;10005;25;9997.0;37.0
0;41200;STARFRUIT;4884;26;;;;;4891;26;;;;;4887.5;1658.75
0;41300;STARFRUIT;4884;21;;;;;4889;2;4891;21;;;4886.5;1604.625
0;41300;AMETHYSTS;9996;1;9995;20;;;10000;6;10002;2;10004;1;9998.0;37.0
0;41400;STARFRUIT;4884;23;;;;;4885;1;4887;4;4891;23;4884.5;1619.375
0;41400;AMETHYSTS;9995;23;;;;;10005;23;;;;;10000.0;37.0
0;41500;AMETHYSTS;9998;5;9995;30;;;10005;30;;;;;10001.5;35.0
0;41500;STARFRUIT;4886;6;4885;30;;;4892;30;;;;;4889.0;1407.625
0;41600;AMETHYSTS;9996;1;9995;27;;;9998;5;10004;1;10005;27;9997.0;35.0
0;41600;STARFRUIT;4885;1;4884;27;;;4891;28;;;;;4888.0;1555.25
0;41700;STARFRUIT;4884;20;;;;;4891;20;;;;;4887.5;1656.0
0;41700;AMETHYSTS;9995;20;;;;;10005;20;;;;;10000.0;35.0
0;41800;STARFRUIT;4885;30;;;;;4890;3;4891;2;4892;28;4887.5;1425.75
0;41800;AMETHYSTS;9996;2;9995;28;;;10002;3;10004;2;10005;28;9999.0;35.0
0;41900;AMETHYSTS;9998;4;9996;2;9995;28;10004;2;10005;28;;;10001.0;35.0
0;41900;STARFRUIT;4886;4;4885;30;;;4892;30;;;;;4889.0;1333.875
0;42000;AMETHYSTS;9996;2;9995;28;;;10004;2;10005;28;;;10000.0;35.0
0;42000;STARFRUIT;4886;30;;;;;4892;30;;;;;4889.0;1166.625
0;42100;STARFRUIT;4886;24;;;;;4893;24;;;;;4889.5;1098.25
0;42100;AMETHYSTS;9995;24;;;;;10005;24;;;;;10000.0;35.0
0;42200;STARFRUIT;4887;26;;;;;4892;4;4894;26;;;4889.5;765.875
0;42200;AMETHYSTS;9995;26;;;;;10002;4;10005;26;;;9998.5;35.0
0;42300;AMETHYSTS;10000;4;9995;24;;;10005;24;;;;;10002.5;25.0
0;42300;STARFRUIT;4892;1;4887;24;;;4894;24;;;;;4893.0;842.375
0;42400;AMETHYSTS;9996;1;9995;24;;;9998;5;10004;1;10005;24;9997.0;30.0
0;42400;STARFRUIT;4886;25;;;;;4893;25;;;;;4889.5;994.125
0;42500;AMETHYSTS;9996;2;9995;22;;;10004;2;10005;22;;;10000.0;30.0
0;42500;STARFRUIT;4886;23;;;;;4893;24;;;;;4889.5;1066.875
0;42600;AMETHYSTS;9995;25;;;;;10002;10;10005;25;;;9998.5;30.0
0;42600;STARFRUIT;4886;25;;;;;4890;10;4892;25;;;4888.0;1179.625
0;42700;AMETHYSTS;9996;2;9995;20;;;10004;2;10005;20;;;10000.0;30.0
0;42700;STARFRUIT;4886;21;;;;;4893;22;;;;;4889.5;1057.125
0;42800;AMETHYSTS;9995;23;;;;;10005;23;;;;;10000.0;30.0
0;42800;STARFRUIT;4886;23;;;;;4892;23;;;;;4889.0;1181.625
0;42900;AMETHYSTS;9995;22;;;;;10005;22;;;;;10000.0;30.0
0;42900;STARFRUIT;4885;22;;;;;4892;22;;;;;4888.5;1280.125
0;43000;AMETHYSTS;10002;7;9996;1;9995;24;10004;1;10005;24;;;10003.0;30.0
0;43000;STARFRUIT;4885;25;;;;;4891;1;4892;24;;;4888.0;1394.75
0;43100;AMETHYSTS;9996;2;9995;23;;;10002;3;10004;2;10005;23;9999.0;30.0
0;43100;STARFRUIT;4886;25;;;;;4890;3;4892;25;;;4888.0;1173.5
0;43200;AMETHYSTS;9996;1;9995;27;;;10000;1;10004;1;10005;27;9998.0;32.0
0;43200;STARFRUIT;4886;28;;;;;4892;1;4893;27;;;4889.0;1128.875
0;43300;AMETHYSTS;9995;20;;;;;10005;20;;;;;10000.0;32.0
0;43300;STARFRUIT;4887;20;;;;;4894;20;;;;;4890.5;797.625
0;43400;AMETHYSTS;9996;2;9995;27;;;10002;8;10004;2;10005;27;9999.0;32.0
0;43400;STARFRUIT;4887;28;;;;;4892;8;4893;2;4894;27;4889.5;765.125
0;43500;AMETHYSTS;9996;1;9995;23;;;10002;10;10004;1;10005;23;9999.0;32.0
0;43500;STARFRUIT;4887;24;;;;;4891;10;4893;24;;;4889.0;856.0
0;43600;AMETHYSTS;9995;21;;;;;10002;1;10005;21;;;9998.5;32.0
0;43600;STARFRUIT;4886;21;;;;;4891;1;4893;21;;;4888.5;956.25
0;43700;AMETHYSTS;9996;2;9995;26;;;10004;2;10005;26;;;10000.0;32.0
0;43700;STARFRUIT;4885;28;;;;;4892;28;;;;;4888.5;1261.5
0;43800;AMETHYSTS;9995;25;;;;;9998;1;10005;25;;;9996.5;32.0
0;43800;STARFRUIT;4886;25;;;;;4893;25;;;;;4889.5;1007.5
0;43900;AMETHYSTS;9995;28;;;;;10005;28;;;;;10000.0;30.0
0;43900;STARFRUIT;4886;28;;;;;4893;28;;;;;4889.5;1021.375
0;44000;AMETHYSTS;10002;4;9996;1;9995;25;10004;1;10005;25;;;10003.0;30.0
0;44000;STARFRUIT;4887;1;4886;25;;;4889;6;4893;26;;;4888.0;943.625
0;44100;AMETHYSTS;9996;2;9995;28;;;10004;2;10005;28;;;10000.0;38.0
0;44100;STARFRUIT;4886;30;;;;;4887;1;4893;30;;;4886.5;1004.75
0;44200;AMETHYSTS;9998;4;9996;2;9995;20;10004;2;10005;20;;;10001.0;30.0
0;44200;STARFRUIT;4887;6;4886;20;;;4893;22;;;;;4890.0;903.875
0;44300;AMETHYSTS;9996;1;9995;24;;;10004;1;10005;24;;;10000.0;26.0
0;44300;STARFRUIT;4887;25;;;;;4894;25;;;;;4890.5;739.75
0;44400;AMETHYSTS;9996;1;9995;29;;;10004;1;10005;29;;;10000.0;26.0
0;44400;STARFRUIT;4887;30;;;;;4893;1;4894;29;;;4890.0;817.625
0;44500;AMETHYSTS;9996;1;9995;26;;;10004;1;10005;26;;;10000.0;26.0
0;44500;STARFRUIT;4886;27;;;;;4893;27;;;;;4889.5;1027.25
0;44600;AMETHYSTS;9995;23;;;;;10005;23;;;;;10000.0;22.0
0;44600;STARFRUIT;4886;23;;;;;4893;23;;;;;4889.5;958.25
0;44700;AMETHYSTS;9996;1;9995;23;;;10002;9;10004;1;10005;23;9999.0;22.0
0;44700;STARFRUIT;4886;24;;;;;4891;9;4893;24;;;4888.5;1005.875
0;44800;AMETHYSTS;9996;2;9995;22;;;10002;10;10004;2;10005;22;9999.0;18.0
0;44800;STARFRUIT;4887;24;;;;;4892;10;4893;2;4894;22;4889.5;789.75
0;44900;AMETHYSTS;9995;26;;;;;10002;6;10005;26;;;9998.5;18.0
0;44900;STARFRUIT;4887;26;;;;;4892;6;4894;26;;;4889.5;660.125
0;45000;AMETHYSTS;9996;1;9995;26;;;10004;1;10005;26;;;10000.0;18.0
0;45000;STARFRUIT;4887;27;;;;;4894;27;;;;;4890.5;662.375
0;45100;AMETHYSTS;9996;2;9995;25;;;9998;1;10004;2;10005;25;9997.0;18.0
0;45100;STARFRUIT;4887;27;;;;;4894;27;;;;;4890.5;694.25
0;45200;AMETHYSTS;9995;27;;;;;10005;27;;;;;10000.0;16.0
0;45200;STARFRUIT;4888;27;;;;;4895;27;;;;;4891.5;480.75
0;45300;STARFRUIT;4888;28;;;;;4894;1;4895;28;;;4891.0;467.125
0;45300;AMETHYSTS;9996;1;9995;28;;;9998;1;10004;1;10005;28;9997.0;16.0
0;45400;AMETHYSTS;9996;1;9995;27;;;10004;1;10005;27;;;10000.0;14.0
0;45400;STARFRUIT;4888;28;;;;;4894;28;;;;;4891.0;511.25
0;45500;STARFRUIT;4888;24;;;;;4895;24;;;;;4891.5;356.375
0;45500;AMETHYSTS;9996;1;9995;23;;;10004;1;10005;23;;;10000.0;14.0
0;45600;AMETHYSTS;9996;1;9995;24;;;10004;1;10005;24;;;10000.0;14.0
0;45600;STARFRUIT;4894;1;4889;1;4888;24;4895;25;;;;;4894.5;254.0
0;45700;STARFRUIT;4888;30;;;;;4895;30;;;;;4891.5;274.75
0;45700;AMETHYSTS;10002;4;9995;30;;;10005;30;;;;;10003.5;14.0
0;45800;AMETHYSTS;9996;2;9995;24;;;10004;2;10005;24;;;10000.0;14.0
0;45800;STARFRUIT;4890;2;4889;24;;;4896;26;;;;;4893.0;-19.25
0;45900;STARFRUIT;4890;22;;;;;4895;1;4897;22;;;4892.5;-260.0
0;45900;AMETHYSTS;9996;1;9995;21;;;10002;1;10004;1;10005;21;9999.0;14.0
0;46000;AMETHYSTS;9996;2;9995;25;;;9998;5;10004;2;10005;25;9997.0;14.0
0;46000;STARFRUIT;4890;27;;;;;4897;27;;;;;4893.5;-287.5
0;46100;STARFRUIT;4891;26;;;;;4897;2;4898;25;;;4894.0;-449.5
0;46100;AMETHYSTS;9996;2;9995;25;;;10004;2;10005;25;;;10000.0;-8.0
0;46200;AMETHYSTS;9995;28;;;;;10005;28;;;;;10000.0;-8.0
0;46200;STARFRUIT;4890;28;;;;;4892;2;4897;28;;;4891.0;-341.375
0;46300;STARFRUIT;4896;1;4890;23;;;4897;23;;;;;4896.5;-292.0
0;46300;AMETHYSTS;9996;1;9995;22;;;10004;1;10005;22;;;10000.0;-8.0
0;46400;AMETHYSTS;9995;26;;;;;10005;26;;;;;10000.0;-8.0
0;46400;STARFRUIT;4890;26;;;;;4897;26;;;;;4893.5;-263.25
0;46500;STARFRUIT;4890;25;;;;;4891;1;4895;5;4897;25;4890.5;-272.125
0;46500;AMETHYSTS;9996;2;9995;23;;;10002;5;10004;2;10005;23;9999.0;-8.0
0;46600;AMETHYSTS;9996;2;9995;21;;;10002;2;10004;2;10005;21;9999.0;-8.0
0;46600;STARFRUIT;4893;4;4890;23;;;4895;2;4897;23;;;4894.0;-200.375
0;46700;STARFRUIT;4889;23;;;;;4896;23;;;;;4892.5;29.5
0;46700;AMETHYSTS;9996;1;9995;22;;;10004;1;10005;22;;;10000.0;-8.0
0;46800;AMETHYSTS;9998;4;9996;1;9995;22;10004;1;10005;22;;;10001.0;-10.0
0;46800;STARFRUIT;4891;5;4890;23;;;4896;1;4897;22;;;4893.5;-169.375
0;46900;AMETHYSTS;9996;2;9995;26;;;10004;2;10005;26;;;10000.0;-10.0
0;46900;STARFRUIT;4895;1;4890;2;4889;26;4896;28;;;;;4895.5;-44.875
0;47000;AMETHYSTS;9995;20;;;;;10002;8;10005;20;;;9998.5;-10.0
0;47000;STARFRUIT;4889;20;;;;;4894;8;4896;20;;;4891.5;-0.75
0;47100;AMETHYSTS;9998;5;9995;24;;;10005;24;;;;;10001.5;-20.0
0;47100;STARFRUIT;4890;4;4889;24;;;4896;24;;;;;4893.0;-85.75
0;47200;AMETHYSTS;9995;29;;;;;10005;29;;;;;10000.0;-20.0
0;47200;STARFRUIT;4895;1;4889;29;;;4896;29;;;;;4895.5;4.75
0;47300;AMETHYSTS;9995;24;;;;;10005;24;;;;;10000.0;-20.0
0;47300;STARFRUIT;4890;24;;;;;4896;24;;;;;4893.0;-92.0
0;47400;AMETHYSTS;9996;2;9995;24;;;10002;5;10004;2;10005;24;9999.0;-20.0
0;47400;STARFRUIT;4890;26;;;;;4894;5;4896;26;;;4892.0;-93.75
0;47500;AMETHYSTS;9995;28;;;;;10005;28;;;;;10000.0;-20.0
0;47500;STARFRUIT;4890;28;;;;;4896;28;;;;;4893.0;-91.0
0;47600;AMETHYSTS;9995;21;;;;;10005;21;;;;;10000.0;-20.0
0;47600;STARFRUIT;4889;21;;;;;4896;21;;;;;4892.5;-29.25
0;47700;AMETHYSTS;9996;1;9995;23;;;9998;1;10004;1;10005;23;9997.0;-30.0
0;47700;STARFRUIT;4890;24;;;;;4896;1;4897;23;;;4893.0;-151.0
0;47800;AMETHYSTS;9995;22;;;;;9998;1;10002;8;10005;22;9996.5;-32.0
0;47800;STARFRUIT;4890;22;;;;;4895;8;4897;22;;;4892.5;-235.25
0;47900;AMETHYSTS;9998;1;9995;21;;;10005;21;;;;;10001.5;-32.0
0;47900;STARFRUIT;4891;1;4890;21;;;4897;21;;;;;4894.0;-216.625
0;48000;AMETHYSTS;9998;3;9996;2;9995;27;10004;2;10005;27;;;10001.0;-32.0
0;48000;STARFRUIT;4891;3;4890;29;;;4897;29;;;;;4894.0;-235.375
0;48100;AMETHYSTS;9995;29;;;;;10005;29;;;;;10000.0;-32.0
0;48100;STARFRUIT;4890;29;;;;;4897;29;;;;;4893.5;-286.25
0;48200;AMETHYSTS;9996;1;9995;25;;;10004;1;10005;25;;;10000.0;-32.0
0;48200;STARFRUIT;4890;26;;;;;4897;26;;;;;4893.5;-243.75
0;48300;AMETHYSTS;9995;29;;;;;10005;29;;;;;10000.0;-32.0
0;48300;STARFRUIT;4895;1;4890;29;;;4897;29;;;;;4896.0;-215.5
0;48400;AMETHYSTS;9995;22;;;;;10005;22;;;;;10000.0;-32.0
0;48400;STARFRUIT;4895;1;4889;22;;;4896;22;;;;;4895.5;-11.875
0;48500;AMETHYSTS;9995;25;;;;;10005;25;;;;;10000.0;-32.0
0;48500;STARFRUIT;4889;25;;;;;4896;25;;;;;4892.5;9.875
0;48600;AMETHYSTS;9996;2;9995;20;;;10002;4;10004;2;10005;20;9999.0;-32.0
0;48600;STARFRUIT;4889;22;;;;;4894;4;4896;22;;;4891.5;37.5
0;48700;AMETHYSTS;10002;2;9995;21;;;10005;21;;;;;10003.5;-32.0
0;48700;STARFRUIT;4889;21;;;;;4896;21;;;;;4892.5;48.0
0;48800;AMETHYSTS;9998;10;9996;2;9995;29;10004;2;10005;29;;;10001.0;-28.0
0;48800;STARFRUIT;4891;10;4890;31;;;4896;31;;;;;4893.5;-115.25
0;48900;AMETHYSTS;9998;3;9996;1;9995;24;10004;1;10005;24;;;10001.0;-28.0
0;48900;STARFRUIT;4891;2;4890;25;;;4896;1;4897;24;;;4893.5;-159.25
0;49000;AMETHYSTS;9995;29;;;;;10005;29;;;;;10000.0;-28.0
0;49000;STARFRUIT;4890;29;;;;;4897;29;;;;;4893.5;-142.75
0;49100;AMETHYSTS;9998;3;9995;26;;;10005;26;;;;;10001.5;-28.0
0;49100;STARFRUIT;4891;3;4890;26;;;4897;26;;;;;4894.0;-254.875
0;49200;AMETHYSTS;9996;2;9995;23;;;10004;2;10005;23;;;10000.0;-32.0
0;49200;STARFRUIT;4890;25;;;;;4897;25;;;;;4893.5;-334.375
0;49300;AMETHYSTS;9995;29;;;;;10005;29;;;;;10000.0;-32.0
0;49300;STARFRUIT;4896;1;4891;29;;;4897;29;;;;;4896.5;-448.75
0;49400;AMETHYSTS;9998;5;9996;1;9995;21;10004;1;10005;21;;;10001.0;-32.0
0;49400;STARFRUIT;4897;1;4892;5;4891;22;4898;22;;;;;4897.5;-647.0
0;49500;AMETHYSTS;9995;23;;;;;10005;23;;;;;10000.0;-32.0
0;49500;STARFRUIT;4891;23;;;;;4897;23;;;;;4894.0;-444.75
0;49600;AMETHYSTS;9995;22;;;;;10005;22;;;;;10000.0;-32.0
0;49600;STARFRUIT;4890;22;;;;;4897;22;;;;;4893.5;-275.5
0;49700;AMETHYSTS;9996;2;9995;22;;;10002;8;10004;2;10005;22;9999.0;-30.0
0;49700;STARFRUIT;4891;2;4890;22;;;4895;9;4897;24;;;4893.0;-356.125
0;49800;AMETHYSTS;9996;1;9995;21;;;9998;1;10004;1;10005;21;9997.0;-30.0
0;49800;STARFRUIT;4890;22;;;;;4897;22;;;;;4893.5;-238.5
0;49900;STARFRUIT;4890;22;;;;;4895;1;4896;2;4897;20;4892.5;-193.5
0;49900;AMETHYSTS;9996;2;9995;20;;;10004;2;10005;20;;;10000.0;-30.0
0;50000;STARFRUIT;4892;1;4889;30;;;4896;30;;;;;4894.0;82.125
0;50000;AMETHYSTS;9996;1;9995;29;;;10004;1;10005;29;;;10000.0;-30.0
0;50100;AMETHYSTS;9996;2;9995;30;;;10004;2;10005;30;;;10000.0;-30.0
0;50100;STARFRUIT;4889;32;;;;;4896;32;;;;;4892.5;21.75
0;50200;AMETHYSTS;9998;1;9996;2;9995;23;10004;2;10005;23;;;10001.0;-22.0
0;50200;STARFRUIT;4891;1;4890;25;;;4896;25;;;;;4893.5;-105.25
0;50300;STARFRUIT;4890;26;;;;;4895;6;4896;1;4897;25;4892.5;-196.25
0;50300;AMETHYSTS;9996;1;9995;25;;;10002;5;10004;1;10005;25;9999.0;-20.0
0;50400;STARFRUIT;4890;30;;;;;4897;30;;;;;4893.5;-238.875
0;50400;AMETHYSTS;10002;4;9996;1;9995;29;10004;1;10005;29;;;10003.0;-20.0
0;50500;AMETHYSTS;10002;4;9996;1;9995;28;10004;1;10005;28;;;10003.0;-12.0
0;50500;STARFRUIT;4890;29;;;;;4897;29;;;;;4893.5;-250.125
0;50600;AMETHYSTS;9996;1;9995;23;;;10004;1;10005;23;;;10000.0;-12.0
0;50600;STARFRUIT;4895;1;4890;24;;;4896;1;4897;23;;;4895.5;-172.375
0;50700;STARFRUIT;4890;25;;;;;4891;1;4895;3;4897;25;4890.5;-246.625
0;50700;AMETHYSTS;9995;25;;;;;10002;3;10005;25;;;9998.5;-12.0
0;50800;STARFRUIT;4890;24;;;;;4895;6;4897;24;;;4892.5;-250.5
0;50800;AMETHYSTS;9995;24;;;;;9998;1;10002;6;10005;24;9996.5;-12.0
0;50900;AMETHYSTS;9996;1;9995;26;;;10004;1;10005;26;;;10000.0;-14.0
0;50900;STARFRUIT;4890;27;;;;;4897;27;;;;;4893.5;-215.375
0;51000;AMETHYSTS;9996;2;9995;22;;;10004;2;10005;22;;;10000.0;-14.0
0;51000;STARFRUIT;4890;24;;;;;4896;2;4897;22;;;4893.0;-166.75
0;51100;STARFRUIT;4891;27;;;;;4897;27;;;;;4894.0;-423.625
0;51100;AMETHYSTS;9996;1;9995;26;;;10004;1;10005;26;;;10000.0;-14.0
0;51200;AMETHYSTS;9996;2;9995;30;;;10004;2;10005;30;;;10000.0;-14.0
0;51200;STARFRUIT;4890;32;;;;;4897;32;;;;;4893.5;-303.875
0;51300;AMETHYSTS;9996;2;9995;23;;;10004;2;10005;23;;;10000.0;-14.0
0;51300;STARFRUIT;4891;25;;;;;4897;25;;;;;4894.0;-444.75
0;51400;AMETHYSTS;9995;23;;;;;10005;23;;;;;10000.0;-14.0
0;51400;STARFRUIT;4891;23;;;;;4897;23;;;;;4894.0;-454.75
0;51500;AMETHYSTS;9996;2;9995;20;;;10004;2;10005;20;;;10000.0;-14.0
0;51500;STARFRUIT;4891;22;;;;;4897;2;4898;20;;;4894.0;-523.625
0;51600;AMETHYSTS;9996;2;9995;29;;;10004;2;10005;29;;;10000.0;-14.0
0;51600;STARFRUIT;4891;31;;;;;4897;2;4898;29;;;4894.0;-513.625
0;51700;AMETHYSTS;9996;2;9995;30;;;10002;5;10004;2;10005;30;9999.0;-14.0
0;51700;STARFRUIT;4891;32;;;;;4896;5;4897;2;4898;30;4893.5;-506.375
0;51800;AMETHYSTS;9996;2;9995;24;;;10004;2;10005;24;;;10000.0;-14.0
0;51800;STARFRUIT;4891;26;;;;;4898;26;;;;;4894.5;-643.375
0;51900;AMETHYSTS;9996;1;9995;26;;;10002;6;10004;1;10005;26;9999.0;-14.0
0;51900;STARFRUIT;4892;1;4891;26;;;4896;6;4898;27;;;4894.0;-731.125
0;52000;AMETHYSTS;10000;3;9996;1;9995;23;10004;1;10005;23;;;10002.0;-14.0
0;52000;STARFRUIT;4891;24;;;;;4897;1;4898;23;;;4894.0;-479.625
0;52100;AMETHYSTS;9995;30;;;;;10005;30;;;;;10000.0;-14.0
0;52100;STARFRUIT;4891;30;;;;;4898;30;;;;;4894.5;-538.375
0;52200;AMETHYSTS;9995;28;;;;;10002;3;10005;28;;;9998.5;-14.0
0;52200;STARFRUIT;4891;28;;;;;4896;3;4898;28;;;4893.5;-529.125
0;52300;AMETHYSTS;9995;21;;;;;10002;3;10005;21;;;9998.5;-14.0
0;52300;STARFRUIT;4892;21;;;;;4897;2;4899;21;;;4894.5;-842.625
0;52400;AMETHYSTS;10000;6;9996;2;9995;22;10004;2;10005;22;;;10002.0;-14.0
0;52400;STARFRUIT;4892;2;4891;22;;;4898;24;;;;;4895.0;-671.125
0;52500;AMETHYSTS;9996;1;9995;30;;;10004;1;10005;30;;;10000.0;-14.0
0;52500;STARFRUIT;4891;31;;;;;4898;31;;;;;4894.5;-570.125
0;52600;AMETHYSTS;9996;1;9995;23;;;9998;2;10004;1;10005;23;9997.0;-14.0
0;52600;STARFRUIT;4891;24;;;;;4897;1;4898;23;;;4894.0;-499.125
0;52700;AMETHYSTS;9995;29;;;;;9998;1;10005;29;;;9996.5;-14.0
0;52700;STARFRUIT;4891;29;;;;;4897;29;;;;;4894.0;-449.5
0;52800;AMETHYSTS;9995;24;;;;;9998;1;10005;24;;;9996.5;-26.0
0;52800;STARFRUIT;4891;24;;;;;4897;24;;;;;4894.0;-463.125
0;52900;AMETHYSTS;9996;1;9995;30;;;10004;1;10005;30;;;10000.0;-26.0
0;52900;STARFRUIT;4891;1;4890;30;;;4897;31;;;;;4894.0;-391.375
0;53000;AMETHYSTS;9995;28;;;;;10005;28;;;;;10000.0;-26.0
0;53000;STARFRUIT;4891;28;;;;;4898;28;;;;;4894.5;-643.625
0;53100;AMETHYSTS;9996;1;9995;30;;;10004;1;10005;30;;;10000.0;-26.0
0;53100;STARFRUIT;4892;31;;;;;4898;31;;;;;4895.0;-761.25
0;53200;AMETHYSTS;9996;1;9995;30;;;9998;1;10004;1;10005;30;9997.0;-26.0
0;53200;STARFRUIT;4892;31;;;;;4898;1;4899;30;;;4895.0;-816.875
0;53300;AMETHYSTS;9996;1;9995;23;;;10004;1;10005;23;;;10000.0;-26.0
0;53300;STARFRUIT;4892;24;;;;;4899;24;;;;;4895.5;-926.0
0;53400;AMETHYSTS;9995;23;;;;;10005;23;;;;;10000.0;-26.0
0;53400;STARFRUIT;4892;23;;;;;4893;1;4899;23;;;4892.5;-953.375
0;53500;AMETHYSTS;9996;1;9995;25;;;10002;8;10004;1;10005;25;9999.0;-26.0
0;53500;STARFRUIT;4892;26;;;;;4897;8;4899;26;;;4894.5;-943.75
0;53600;AMETHYSTS;9998;2;9995;23;;;10005;23;;;;;10001.5;-26.0
0;53600;STARFRUIT;4893;1;4892;23;;;4899;23;;;;;4896.0;-989.5
0;53700;AMETHYSTS;9996;2;9995;25;;;10002;10;10004;2;10005;25;9999.0;-30.0
0;53700;STARFRUIT;4892;27;;;;;4897;10;4898;2;4899;25;4894.5;-827.0
0;53800;AMETHYSTS;9996;2;9995;23;;;9998;13;10002;6;10004;2;9997.0;-30.0
0;53800;STARFRUIT;4892;25;;;;;4897;6;4898;2;4899;23;4894.5;-839.0
0;53900;AMETHYSTS;9995;28;;;;;10005;28;;;;;10000.0;-30.0
0;53900;STARFRUIT;4897;1;4896;4;4891;28;4898;28;;;;;4897.5;-712.5
0;54000;AMETHYSTS;9996;1;9995;21;;;10004;1;10005;21;;;10000.0;-30.0
0;54000;STARFRUIT;4891;22;;;;;4898;22;;;;;4894.5;-636.0
0;54100;STARFRUIT;4892;23;;;;;4899;23;;;;;4895.5;-939.375
0;54100;AMETHYSTS;9995;23;;;;;10005;23;;;;;10000.0;-30.0
0;54200;AMETHYSTS;9996;1;9995;20;;;10004;1;10005;20;;;10000.0;-30.0
0;54200;STARFRUIT;4892;1;4891;20;;;4898;21;;;;;4895.0;-718.5
0;54300;STARFRUIT;4892;1;4891;25;;;4898;25;;;;;4895.0;-688.0
0;54300;AMETHYSTS;9998;1;9995;25;;;10005;25;;;;;10001.5;-30.0
0;54400;AMETHYSTS;9996;2;9995;22;;;10004;2;10005;22;;;10000.0;-30.0
0;54400;STARFRUIT;4892;23;;;;;4898;2;4899;22;;;4895.0;-835.25
0;54500;STARFRUIT;4892;28;;;;;4897;9;4899;29;;;4894.5;-857.125
0;54500;AMETHYSTS;9995;29;;;;;10002;9;10005;29;;;9998.5;-30.0
0;54600;AMETHYSTS;9998;4;9996;2;9995;26;10004;2;10005;26;;;10001.0;-30.0
0;54600;STARFRUIT;4893;4;4892;28;;;4899;28;;;;;4896.0;-929.75
0;54700;STARFRUIT;4894;3;4893;21;;;4900;21;;;;;4897.0;-1183.25
0;54700;AMETHYSTS;9998;2;9995;21;;;10005;21;;;;;10001.5;-32.0
0;54800;AMETHYSTS;9996;1;9995;23;;;10004;1;10005;23;;;10000.0;-32.0
0;54800;STARFRUIT;4893;24;;;;;4899;1;4900;23;;;4896.0;-1185.125
0;54900;STARFRUIT;4893;29;;;;;4899;1;4900;28;;;4896.0;-1197.75
0;54900;AMETHYSTS;9996;1;9995;28;;;10004;1;10005;28;;;10000.0;-32.0
0;55000;AMETHYSTS;9995;27;;;;;9998;5;10005;27;;;9996.5;-32.0
0;55000;STARFRUIT;4893;27;;;;;4900;27;;;;;4896.5;-1215.5
0;55100;STARFRUIT;4894;2;4893;29;;;4900;31;;;;;4897.0;-1426.875
0;55100;AMETHYSTS;10002;9;9996;2;9995;29;10004;2;10005;29;;;10003.0;-34.0
0;55200;AMETHYSTS;9995;25;;;;;10005;25;;;;;10000.0;-34.0
0;55200;STARFRUIT;4894;25;;;;;4900;25;;;;;4897.0;-1448.875
0;55300;STARFRUIT;4894;25;;;;;4899;7;4901;25;;;4896.5;-1602.25
0;55300;AMETHYSTS;9996;1;9995;24;;;10002;7;10004;1;10005;24;9999.0;-34.0
0;55400;AMETHYSTS;9996;1;9995;22;;;10004;1;10005;22;;;10000.0;-34.0
0;55400;STARFRUIT;4895;1;4894;22;;;4901;23;;;;;4898.0;-1713.125
0;55500;STARFRUIT;4898;2;4894;26;;;4901;26;;;;;4899.5;-1570.125
0;55500;AMETHYSTS;9995;26;;;;;10005;26;;;;;10000.0;-34.0
0;55600;AMETHYSTS;9998;7;9996;1;9995;27;10004;1;10005;27;;;10001.0;-34.0
0;55600;STARFRUIT;4895;7;4894;28;;;4900;1;4901;27;;;4897.5;-1525.875
0;55700;AMETHYSTS;9995;21;;;;;10002;7;10005;21;;;9998.5;-34.0
0;55700;STARFRUIT;4893;21;;;;;4898;7;4900;21;;;4895.5;-1346.125
0;55800;AMETHYSTS;9996;2;9995;21;;;10004;2;10005;21;;;10000.0;-34.0
0;55800;STARFRUIT;4894;23;;;;;4900;2;4901;21;;;4897.0;-1491.0
0;55900;AMETHYSTS;9995;24;;;;;9998;11;10005;24;;;9996.5;-34.0
0;55900;STARFRUIT;4894;24;;;;;4901;24;;;;;4897.5;-1662.625
0;56000;AMETHYSTS;9996;2;9995;20;;;10004;2;10005;20;;;10000.0;-34.0
0;56000;STARFRUIT;4895;22;;;;;4901;22;;;;;4898.0;-1806.75
0;56100;AMETHYSTS;9996;1;9995;29;;;10004;1;10005;29;;;10000.0;-34.0
0;56100;STARFRUIT;4894;30;;;;;4901;30;;;;;4897.5;-1616.625
0;56200;AMETHYSTS;9996;2;9995;26;;;10004;2;10005;26;;;10000.0;-34.0
0;56200;STARFRUIT;4894;28;;;;;4900;2;4901;26;;;4897.0;-1540.875
0;56300;AMETHYSTS;9995;23;;;;;10002;8;10005;23;;;9998.5;-34.0
0;56300;STARFRUIT;4894;23;;;;;4899;8;4901;23;;;4896.5;-1673.625
0;56400;AMETHYSTS;9998;6;9995;23;;;10005;23;;;;;10001.5;-34.0
0;56400;STARFRUIT;4895;6;4894;23;;;4901;23;;;;;4898.0;-1522.5
0;56500;AMETHYSTS;9995;25;;;;;10005;25;;;;;10000.0;-34.0
0;56500;STARFRUIT;4894;25;;;;;4901;25;;;;;4897.5;-1745.375
0;56600;AMETHYSTS;9996;1;9995;26;;;10004;1;10005;26;;;10000.0;-34.0
0;56600;STARFRUIT;4894;27;;;;;4901;27;;;;;4897.5;-1636.375
0;56700;AMETHYSTS;9995;25;;;;;10005;25;;;;;10000.0;-30.0
0;56700;STARFRUIT;4894;24;;;;;4901;25;;;;;4897.5;-1512.625
0;56800;AMETHYSTS;9995;24;;;;;10005;24;;;;;10000.0;-30.0
0;56800;STARFRUIT;4894;23;;;;;4900;24;;;;;4897.0;-1453.875
0;56900;AMETHYSTS;9998;5;9995;20;;;10005;20;;;;;10001.5;-30.0
0;56900;STARFRUIT;4895;5;4894;20;;;4901;20;;;;;4898.0;-1486.25
0;57000;AMETHYSTS;9995;25;;;;;10005;25;;;;;10000.0;-30.0
0;57000;STARFRUIT;4893;25;;;;;4900;25;;;;;4896.5;-1393.375
0;57100;AMETHYSTS;9996;2;9995;25;;;10004;2;10005;25;;;10000.0;-40.0
0;57100;STARFRUIT;4894;2;4893;25;;;4900;27;;;;;4897.0;-1407.0
0;57200;AMETHYSTS;9995;26;;;;;10005;26;;;;;10000.0;-40.0
0;57200;STARFRUIT;4893;26;;;;;4896;2;4900;26;;;4894.5;-1382.875
0;57300;AMETHYSTS;10002;1;9995;25;;;10005;25;;;;;10003.5;-40.0
0;57300;STARFRUIT;4893;25;;;;;4900;25;;;;;4896.5;-1436.125
0;57400;AMETHYSTS;9996;2;9995;26;;;10002;2;10004;2;10005;26;9999.0;-38.0
0;57400;STARFRUIT;4893;27;;;;;4898;2;4899;2;4900;26;4895.5;-1211.75
0;57500;AMETHYSTS;9996;1;9995;30;;;10002;1;10004;1;10005;30;9999.0;-38.0
0;57500;STARFRUIT;4892;31;;;;;4897;1;4899;31;;;4894.5;-1010.25
0;57600;AMETHYSTS;9995;29;;;;;9998;1;10005;29;;;9996.5;-38.0
0;57600;STARFRUIT;4892;29;;;;;4899;29;;;;;4895.5;-921.5
0;57700;AMETHYSTS;9996;2;9995;28;;;10002;2;10004;2;10005;28;9999.0;-38.0
0;57700;STARFRUIT;4892;30;;;;;4897;2;4899;30;;;4894.5;-899.125
0;57800;AMETHYSTS;9996;2;9995;26;;;10004;2;10005;26;;;10000.0;-38.0
0;57800;STARFRUIT;4892;28;;;;;4899;28;;;;;4895.5;-1016.625
0;57900;AMETHYSTS;10002;1;9996;2;9995;30;10004;2;10005;30;;;10003.0;-38.0
0;57900;STARFRUIT;4893;32;;;;;4899;2;4900;30;;;4896.0;-1215.25
0;58000;AMETHYSTS;9998;7;9995;23;;;10005;23;;;;;10001.5;-38.0
0;58000;STARFRUIT;4893;6;4892;23;;;4899;23;;;;;4896.0;-1015.0
0;58100;AMETHYSTS;9996;1;9995;23;;;10004;1;10005;23;;;10000.0;-38.0
0;58100;STARFRUIT;4893;23;;;;;4899;1;4900;23;;;4896.0;-1189.75
0;58200;AMETHYSTS;9996;2;9995;24;;;10004;2;10005;24;;;10000.0;-38.0
0;58200;STARFRUIT;4893;26;;;;;4899;2;4900;24;;;4896.0;-1211.5
0;58300;AMETHYSTS;9996;2;9995;21;;;9998;1;10004;2;10005;21;9997.0;-38.0
0;58300;STARFRUIT;4893;23;;;;;4900;23;;;;;4896.5;-1368.875
0;58400;AMETHYSTS;9995;21;;;;;10000;4;10005;21;;;9997.5;-38.0
0;58400;STARFRUIT;4893;21;;;;;4900;21;;;;;4896.5;-1323.625
0;58500;AMETHYSTS;9996;1;9995;29;;;9998;1;10004;1;10005;29;9997.0;-38.0
0;58500;STARFRUIT;4894;1;4893;29;;;4900;30;;;;;4897.0;-1471.0
0;58600;STARFRUIT;4894;2;4893;29;;;4899;2;4900;27;;;4896.5;-1247.0
0;58600;AMETHYSTS;9998;2;9996;2;9995;27;10004;2;10005;27;;;10001.0;-38.0
0;58700;AMETHYSTS;9996;1;9995;24;;;10004;1;10005;24;;;10000.0;-38.0
0;58700;STARFRUIT;4893;1;4892;24;;;4899;25;;;;;4896.0;-1088.75
0;58800;AMETHYSTS;9998;4;9996;2;9995;22;10004;2;10005;22;;;10001.0;-40.0
0;58800;STARFRUIT;4894;5;4893;24;;;4900;24;;;;;4897.0;-1345.25
0;58900;STARFRUIT;4894;22;;;;;4901;22;;;;;4897.5;-1590.875
0;58900;AMETHYSTS;9995;22;;;;;9998;1;10005;22;;;9996.5;-40.0
0;59000;STARFRUIT;4895;9;4894;26;;;4901;26;;;;;4898.0;-1604.75
0;59000;AMETHYSTS;9995;26;;;;;10005;26;;;;;10000.0;-60.0
0;59100;AMETHYSTS;9995;30;;;;;9998;2;10005;30;;;9996.5;-60.0
0;59100;STARFRUIT;4893;30;;;;;4894;12;4900;30;;;4893.5;-1435.375
0;59200;AMETHYSTS;10000;3;9996;2;9995;29;10004;2;10005;29;;;10002.0;-64.0
0;59200;STARFRUIT;4897;1;4893;31;;;4900;31;;;;;4898.5;-1337.125
0;59300;STARFRUIT;4894;2;4893;28;;;4900;30;;;;;4897.0;-1428.75
0;59300;AMETHYSTS;9996;2;9995;28;;;9998;13;10004;2;10005;28;9997.0;-70.0
0;59400;STARFRUIT;4894;28;;;;;4899;3;4901;28;;;4896.5;-1600.125
0;59400;AMETHYSTS;9995;28;;;;;10005;28;;;;;10000.0;-64.0
0;59500;AMETHYSTS;9998;1;9996;2;9995;27;10004;2;10005;27;;;10001.0;-64.0
0;59500;STARFRUIT;4895;1;4894;29;;;4900;2;4901;27;;;4897.5;-1635.375
0;59600;AMETHYSTS;9995;25;;;;;10005;25;;;;;10000.0;-64.0
0;59600;STARFRUIT;4894;25;;;;;4901;25;;;;;4897.5;-1742.5
0;59700;STARFRUIT;4895;8;4894;28;;;4901;28;;;;;4898.0;-1660.625
0;59700;AMETHYSTS;9998;8;9996;2;9995;26;10004;2;10005;26;;;10001.0;-64.0
0;59800;STARFRUIT;4893;20;;;;;4900;20;;;;;4896.5;-1447.25
0;59800;AMETHYSTS;9995;20;;;;;10005;20;;;;;10000.0;-64.0
0;59900;AMETHYSTS;10002;1;9998;1;9996;2;10004;2;10005;22;;;10003.0;-64.0
0;59900;STARFRUIT;4894;3;4893;22;;;4900;24;;;;;4897.0;-1452.75
0;60000;AMETHYSTS;9998;4;9996;2;9995;29;10004;2;10005;29;;;10001.0;-54.0
0;60000;STARFRUIT;4894;4;4893;31;;;4900;31;;;;;4897.0;-1330.625
0;60100;AMETHYSTS;9995;25;;;;;9998;1;10005;25;;;9996.5;-54.0
0;60100;STARFRUIT;4893;25;;;;;4900;25;;;;;4896.5;-1324.0
0;60200;AMETHYSTS;10000;3;9996;1;9995;21;10004;1;10005;21;;;10002.0;-58.0
0;60200;STARFRUIT;4894;1;4893;21;;;4900;22;;;;;4897.0;-1417.75
0;60300;AMETHYSTS;9996;2;9995;22;;;10004;2;10005;22;;;10000.0;-58.0
0;60300;STARFRUIT;4893;24;;;;;4900;24;;;;;4896.5;-1391.625
0;60400;AMETHYSTS;10000;4;9996;1;9995;24;10004;1;10005;24;;;10002.0;-62.0
0;60400;STARFRUIT;4893;25;;;;;4900;25;;;;;4896.5;-1409.25
0;60500;AMETHYSTS;9996;2;9995;20;;;10004;2;10005;20;;;10000.0;-62.0
0;60500;STARFRUIT;4893;22;;;;;4900;22;;;;;4896.5;-1408.875
0;60600;AMETHYSTS;9995;27;;;;;10002;3;10005;27;;;9998.5;-66.0
0;60600;STARFRUIT;4893;27;;;;;4898;3;4900;27;;;4895.5;-1442.375
0;60700;AMETHYSTS;9996;2;9995;29;;;10002;8;10004;2;10005;29;9999.0;-66.0
0;60700;STARFRUIT;4894;31;;;;;4898;8;4900;31;;;4896.0;-1509.375
0;60800;AMETHYSTS;9996;1;9995;24;;;10004;1;10005;24;;;10000.0;-66.0
0;60800;STARFRUIT;4894;25;;;;;4900;1;4901;24;;;4897.0;-1559.125
0;60900;AMETHYSTS;9996;2;9995;23;;;10004;2;10005;23;;;10000.0;-66.0
0;60900;STARFRUIT;4894;25;;;;;4900;2;4901;23;;;4897.0;-1594.875
0;61000;AMETHYSTS;9996;1;9995;30;;;10004;1;10005;30;;;10000.0;-66.0
0;61000;STARFRUIT;4894;31;;;;;4900;31;;;;;4897.0;-1539.25
0;61100;AMETHYSTS;9996;2;9995;30;;;10004;2;10005;30;;;10000.0;-62.0
0;61100;STARFRUIT;4894;32;;;;;4895;2;4897;3;4900;2;4894.5;-1573.75
0;61200;AMETHYSTS;9995;30;;;;;10005;30;;;;;10000.0;-62.0
0;61200;STARFRUIT;4894;30;;;;;4901;30;;;;;4897.5;-1561.625
0;61300;AMETHYSTS;9996;1;9995;30;;;10004;1;10005;30;;;10000.0;-62.0
0;61300;STARFRUIT;4893;31;;;;;4900;31;;;;;4896.5;-1388.0
0;61400;AMETHYSTS;10002;2;9996;2;9995;26;10004;2;10005;26;;;10003.0;-62.0
0;61400;STARFRUIT;4894;2;4893;26;;;4900;28;;;;;4897.0;-1433.75
0;61500;AMETHYSTS;10002;6;9995;29;;;10005;29;;;;;10003.5;-62.0
0;61500;STARFRUIT;4893;29;;;;;4900;29;;;;;4896.5;-1292.375
0;61600;AMETHYSTS;9996;1;9995;25;;;10004;1;10005;25;;;10000.0;-50.0
0;61600;STARFRUIT;4893;26;;;;;4899;26;;;;;4896.0;-1158.375
0;61700;AMETHYSTS;9996;1;9995;22;;;10004;1;10005;22;;;10000.0;-50.0
0;61700;STARFRUIT;4898;1;4893;23;;;4899;1;4900;22;;;4898.5;-1237.0
0;61800;AMETHYSTS;9995;29;;;;;10005;29;;;;;10000.0;-50.0
0;61800;STARFRUIT;4892;29;;;;;4899;29;;;;;4895.5;-1104.25
0;61900;AMETHYSTS;9996;2;9995;23;;;9998;1;10004;2;10005;23;9997.0;-50.0
0;61900;STARFRUIT;4892;25;;;;;4899;25;;;;;4895.5;-1022.0
0;62000;AMETHYSTS;9996;1;9995;22;;;10004;1;10005;22;;;10000.0;-50.0
0;62000;STARFRUIT;4892;23;;;;;4898;1;4899;22;;;4895.0;-857.5
0;62100;AMETHYSTS;9996;1;9995;24;;;10004;1;10005;24;;;10000.0;-50.0
0;62100;STARFRUIT;4892;25;;;;;4898;1;4899;24;;;4895.0;-886.5
0;62200;AMETHYSTS;9998;9;9995;26;;;10005;26;;;;;10001.5;-50.0
0;62200;STARFRUIT;4893;8;4892;26;;;4899;26;;;;;4896.0;-858.0
0;62300;AMETHYSTS;9996;1;9995;21;;;10004;1;10005;21;;;10000.0;-50.0
0;62300;STARFRUIT;4892;22;;;;;4899;22;;;;;4895.5;-917.5
0;62400;AMETHYSTS;9995;26;;;;;10005;26;;;;;10000.0;-50.0
0;62400;STARFRUIT;4892;26;;;;;4899;26;;;;;4895.5;-936.875
0;62500;AMETHYSTS;9996;2;9995;27;;;10004;2;10005;27;;;10000.0;-50.0
0;62500;STARFRUIT;4892;29;;;;;4899;29;;;;;4895.5;-956.375
0;62600;AMETHYSTS;9996;2;9995;29;;;10004;2;10005;29;;;10000.0;-50.0
0;62600;STARFRUIT;4893;2;4892;29;;;4899;31;;;;;4896.0;-1115.25
0;62700;AMETHYSTS;9995;25;;;;;10002;4;10005;25;;;9998.5;-50.0
0;62700;STARFRUIT;4893;25;;;;;4898;4;4900;25;;;4895.5;-1231.25
0;62800;AMETHYSTS;9996;1;9995;27;;;10004;1;10005;27;;;10000.0;-50.0
0;62800;STARFRUIT;4893;28;;;;;4899;28;;;;;4896.0;-1154.5
0;62900;AMETHYSTS;9996;1;9995;21;;;10004;1;10005;21;;;10000.0;-82.0
0;62900;STARFRUIT;4894;1;4893;21;;;4900;22;;;;;4897.0;-1437.0
0;63000;AMETHYSTS;9996;2;9995;25;;;10004;2;10005;25;;;10000.0;-78.0
0;63000;STARFRUIT;4893;27;;;;;4899;2;4900;25;;;4896.0;-1236.0
0;63100;STARFRUIT;4893;20;;;;;4898;1;4900;20;;;4895.5;-1448.25
0;63100;AMETHYSTS;9995;20;;;;;10002;1;10005;20;;;9998.5;-78.0
0;63200;AMETHYSTS;9995;24;;;;;10005;24;;;;;10000.0;-78.0
0;63200;STARFRUIT;4893;24;;;;;4900;24;;;;;4896.5;-1392.625
0;63300;STARFRUIT;4894;2;4893;26;;;4900;28;;;;;4897.0;-1488.75
0;63300;AMETHYSTS;9996;2;9995;26;;;10004;2;10005;26;;;10000.0;-78.0
0;63400;AMETHYSTS;9996;1;9995;30;;;10002;9;10004;1;10005;30;9999.0;-78.0
0;63400;STARFRUIT;4894;1;4893;30;;;4898;9;4900;31;;;4896.0;-1446.5
0;63500;STARFRUIT;4893;32;;;;;4898;3;4900;32;;;4895.5;-1324.875
0;63500;AMETHYSTS;9996;2;9995;30;;;9998;1;10002;3;10004;2;9997.0;-78.0
0;63600;AMETHYSTS;9996;1;9995;30;;;10002;6;10004;1;10005;30;9999.0;-80.0
0;63600;STARFRUIT;4894;31;;;;;4898;6;4900;31;;;4896.0;-1504.0
0;63700;STARFRUIT;4895;8;4894;24;;;4900;24;;;;;4897.5;-1543.75
0;63700;AMETHYSTS;9998;8;9996;2;9995;22;10004;2;10005;22;;;10001.0;-80.0
0;63800;AMETHYSTS;9996;2;9995;26;;;10004;2;10005;26;;;10000.0;-82.0
0;63800;STARFRUIT;4894;27;;;;;4901;28;;;;;4897.5;-1695.625
0;63900;STARFRUIT;4894;25;;;;;4895;1;4899;3;4901;25;4894.5;-1854.125
0;63900;AMETHYSTS;9995;25;;;;;10002;3;10005;25;;;9998.5;-82.0
0;64000;AMETHYSTS;9996;1;9995;30;;;10004;1;10005;30;;;10000.0;-82.0
0;64000;STARFRUIT;4895;1;4894;30;;;4901;31;;;;;4898.0;-1858.0
0;64100;STARFRUIT;4894;29;;;;;4901;29;;;;;4897.5;-1794.125
0;64100;AMETHYSTS;9995;29;;;;;10005;29;;;;;10000.0;-82.0
0;64200;AMETHYSTS;9996;1;9995;23;;;10002;1;10004;1;10005;23;9999.0;-82.0
0;64200;STARFRUIT;4895;1;4894;23;;;4899;1;4901;24;;;4897.0;-1859.5
0;64300;STARFRUIT;4895;29;;;;;4902;29;;;;;4898.5;-2007.5
0;64300;AMETHYSTS;9995;29;;;;;10005;29;;;;;10000.0;-82.0
0;64400;AMETHYSTS;9996;1;9995;25;;;10004;1;10005;25;;;10000.0;-82.0
0;64400;STARFRUIT;4894;25;;;;;4901;26;;;;;4897.5;-1670.375
0;64500;AMETHYSTS;9998;1;9996;1;9995;30;10004;1;10005;30;;;10001.0;-82.0
0;64500;STARFRUIT;4896;1;4895;31;;;4901;1;4902;30;;;4898.5;-2008.875
0;64600;AMETHYSTS;9996;1;9995;23;;;10004;1;10005;23;;;10000.0;-82.0
0;64600;STARFRUIT;4895;23;;;;;4901;1;4902;23;;;4898.0;-2008.375
0;64700;AMETHYSTS;9996;2;9995;28;;;10002;1;10004;2;10005;28;9999.0;-82.0
0;64700;STARFRUIT;4895;30;;;;;4900;1;4902;30;;;4897.5;-2063.5
0;64800;AMETHYSTS;9996;2;9995;26;;;10002;4;10004;2;10005;26;9999.0;-82.0
0;64800;STARFRUIT;4895;28;;;;;4900;4;4902;28;;;4897.5;-2069.75
0;64900;AMETHYSTS;9995;30;;;;;10005;30;;;;;10000.0;-82.0
0;64900;STARFRUIT;4895;29;;;;;4902;30;;;;;4898.5;-2034.875
0;65000;AMETHYSTS;9995;22;;;;;10002;3;10005;22;;;9998.5;-82.0
0;65000;STARFRUIT;4895;22;;;;;4900;3;4902;22;;;4897.5;-2095.5
0;65100;AMETHYSTS;9998;9;9996;2;9995;29;10004;2;10005;29;;;10001.0;-82.0
0;65100;STARFRUIT;4896;9;4895;31;;;4902;31;;;;;4899.0;-2030.125
0;65200;AMETHYSTS;10002;5;9995;25;;;10005;25;;;;;10003.5;-78.0
0;65200;STARFRUIT;4895;25;;;;;4901;25;;;;;4898.0;-1923.75
0;65300;AMETHYSTS;10002;1;9998;3;9996;2;10004;2;10005;29;;;10003.0;-78.0
0;65300;STARFRUIT;4900;1;4895;5;4894;29;4901;31;;;;;4900.5;-1837.125
0;65400;AMETHYSTS;9996;1;9995;24;;;9998;1;10004;1;10005;24;9997.0;-76.0
0;65400;STARFRUIT;4894;25;;;;;4901;25;;;;;4897.5;-1778.25
0;65500;AMETHYSTS;9996;2;9995;25;;;10002;6;10004;2;10005;25;9999.0;-78.0
0;65500;STARFRUIT;4895;2;4894;25;;;4899;6;4901;27;;;4897.0;-1781.25
0;65600;AMETHYSTS;9998;8;9995;28;;;10005;28;;;;;10001.5;-78.0
0;65600;STARFRUIT;4895;8;4894;28;;;4901;28;;;;;4898.0;-1537.5
0;65700;AMETHYSTS;9995;21;;;;;10005;21;;;;;10000.0;-78.0
0;65700;STARFRUIT;4894;21;;;;;4901;21;;;;;4897.5;-1676.875
0;65800;AMETHYSTS;9995;29;;;;;10005;29;;;;;10000.0;-78.0
0;65800;STARFRUIT;4894;29;;;;;4901;29;;;;;4897.5;-1615.625
0;65900;AMETHYSTS;9996;1;9995;26;;;10004;1;10005;26;;;10000.0;-78.0
0;65900;STARFRUIT;4895;1;4894;26;;;4901;27;;;;;4898.0;-1782.75
0;66000;AMETHYSTS;9996;1;9995;20;;;9998;2;10004;1;10005;20;9997.0;-78.0
0;66000;STARFRUIT;4894;21;;;;;4901;21;;;;;4897.5;-1727.75
0;66100;AMETHYSTS;9995;22;;;;;10005;22;;;;;10000.0;-82.0
0;66100;STARFRUIT;4893;22;;;;;4900;22;;;;;4896.5;-1468.5
0;66200;AMETHYSTS;9995;28;;;;;10005;28;;;;;10000.0;-112.0
0;66200;STARFRUIT;4894;28;;;;;4901;28;;;;;4897.5;-1607.25
0;66300;AMETHYSTS;9995;25;;;;;9998;1;10005;25;;;9996.5;-112.0
0;66300;STARFRUIT;4893;25;;;;;4900;25;;;;;4896.5;-1404.5
0;66400;AMETHYSTS;9996;1;9995;28;;;10002;6;10004;1;10005;28;9999.0;-112.0
0;66400;STARFRUIT;4893;29;;;;;4898;6;4899;29;;;4895.5;-1139.0
0;66500;AMETHYSTS;9996;2;9995;22;;;10004;2;10005;22;;;10000.0;-112.0
0;66500;STARFRUIT;4892;23;;;;;4898;2;4899;22;;;4895.0;-818.625
0;66600;AMETHYSTS;9995;25;;;;;10002;8;10005;25;;;9998.5;-112.0
0;66600;STARFRUIT;4895;1;4892;25;;;4897;8;4899;25;;;4896.0;-815.5
0;66700;AMETHYSTS;9998;1;9995;30;;;10005;30;;;;;10001.5;-112.0
0;66700;STARFRUIT;4894;6;4893;1;4892;30;4898;30;;;;;4896.0;-751.625
0;66800;AMETHYSTS;9996;2;9995;22;;;9998;1;10004;2;10005;22;9997.0;-112.0
0;66800;STARFRUIT;4891;24;;;;;4898;24;;;;;4894.5;-543.25
0;66900;AMETHYSTS;9996;1;9995;28;;;10004;1;10005;28;;;10000.0;-112.0
0;66900;STARFRUIT;4891;29;;;;;4898;29;;;;;4894.5;-631.75
0;67000;AMETHYSTS;10002;4;9996;2;9995;30;10004;2;10005;30;;;10003.0;-112.0
0;67000;STARFRUIT;4892;2;4891;30;;;4893;5;4898;32;;;4892.5;-645.5
0;67100;AMETHYSTS;9996;1;9995;21;;;10002;4;10004;1;10005;21;9999.0;-104.0
0;67100;STARFRUIT;4891;22;;;;;4892;1;4896;4;4898;22;4891.5;-620.375
0;67200;AMETHYSTS;9996;2;9995;28;;;10004;2;10005;28;;;10000.0;-108.0
0;67200;STARFRUIT;4891;30;;;;;4897;2;4898;28;;;4894.0;-468.375
0;67300;AMETHYSTS;9996;1;9995;25;;;10002;3;10004;1;10005;25;9999.0;-108.0
0;67300;STARFRUIT;4891;1;4890;25;;;4895;3;4897;26;;;4893.0;-282.125
0;67400;AMETHYSTS;9996;1;9995;29;;;9998;5;10004;1;10005;29;9997.0;-108.0
0;67400;STARFRUIT;4891;30;;;;;4897;1;4898;29;;;4894.0;-475.375
0;67500;STARFRUIT;4892;1;4891;28;;;4898;29;;;;;4895.0;-735.625
0;67500;AMETHYSTS;9996;1;9995;28;;;10004;1;10005;28;;;10000.0;-108.0
0;67600;STARFRUIT;4891;31;;;;;4897;31;;;;;4894.0;-435.625
0;67600;AMETHYSTS;9996;1;9995;30;;;10004;1;10005;30;;;10000.0;-108.0
0;67700;AMETHYSTS;10002;1;9998;2;9995;21;10005;21;;;;;10003.5;-108.0
0;67700;STARFRUIT;4892;2;4891;21;;;4898;21;;;;;4895.0;-675.875
0;67800;AMETHYSTS;9996;2;9995;21;;;9998;1;10004;2;10005;21;9997.0;-106.0
0;67800;STARFRUIT;4892;23;;;;;4898;23;;;;;4895.0;-842.75
0;67900;STARFRUIT;4893;2;4892;20;;;4897;4;4899;22;;;4895.0;-1144.375
0;67900;AMETHYSTS;9996;2;9995;20;;;10002;4;10004;2;10005;20;9999.0;-106.0
0;68000;STARFRUIT;4892;30;;;;;4899;30;;;;;4895.5;-999.375
0;68000;AMETHYSTS;9995;30;;;;;10005;30;;;;;10000.0;-106.0
0;68100;AMETHYSTS;9995;26;;;;;10005;26;;;;;10000.0;-106.0
0;68100;STARFRUIT;4892;26;;;;;4899;26;;;;;4895.5;-950.5
0;68200;AMETHYSTS;9996;2;9995;24;;;10004;2;10005;24;;;10000.0;-106.0
0;68200;STARFRUIT;4892;26;;;;;4895;5;4898;2;4899;24;4893.5;-953.25
0;68300;STARFRUIT;4892;1;4891;26;;;4898;27;;;;;4895.0;-822.75
0;68300;AMETHYSTS;9996;1;9995;26;;;10004;1;10005;26;;;10000.0;-106.0
0;68400;STARFRUIT;4892;34;;;;;4898;28;;;;;4895.0;-868.25
0;68400;AMETHYSTS;9998;6;9995;28;;;10005;28;;;;;10001.5;-106.0
0;68500;AMETHYSTS;9998;2;9996;1;9995;23;10004;1;10005;23;;;10001.0;-106.0
0;68500;STARFRUIT;4893;2;4892;24;;;4899;24;;;;;4896.0;-1072.25
0;68600;AMETHYSTS;9996;1;9995;30;;;10002;10;10004;1;10005;30;9999.0;-106.0
0;68600;STARFRUIT;4892;31;;;;;4897;10;4899;31;;;4894.5;-1166.25
0;68700;STARFRUIT;4894;7;4893;29;;;4899;29;;;;;4896.5;-1337.75
0;68700;AMETHYSTS;10002;1;9998;7;9996;2;10004;2;10005;27;;;10003.0;-106.0
0;68800;STARFRUIT;4893;23;;;;;4900;23;;;;;4896.5;-1592.0
0;68800;AMETHYSTS;9995;23;;;;;10005;23;;;;;10000.0;-106.0
0;68900;AMETHYSTS;9995;21;;;;;10005;21;;;;;10000.0;-106.0
0;68900;STARFRUIT;4896;6;4893;21;;;4900;21;;;;;4898.0;-1414.75
0;69000;AMETHYSTS;9998;3;9996;1;9995;20;10004;1;10005;20;;;10001.0;-106.0
0;69000;STARFRUIT;4894;3;4893;21;;;4900;21;;;;;4897.0;-1536.25
0;69100;AMETHYSTS;9995;21;;;;;10005;21;;;;;10000.0;-106.0
0;69100;STARFRUIT;4893;21;;;;;4900;21;;;;;4896.5;-1536.0
0;69200;AMETHYSTS;9996;1;9995;26;;;10002;6;10004;1;10005;26;9999.0;-106.0
0;69200;STARFRUIT;4893;27;;;;;4898;6;4899;1;4900;26;4895.5;-1396.75
0;69300;AMETHYSTS;9996;2;9995;22;;;10004;2;10005;22;;;10000.0;-106.0
0;69300;STARFRUIT;4893;24;;;;;4899;2;4900;22;;;4896.0;-1342.0
0;69400;AMETHYSTS;10002;4;9996;1;9995;27;10004;1;10005;27;;;10003.0;-106.0
0;69400;STARFRUIT;4893;28;;;;;4899;1;4900;27;;;4896.0;-1420.0
0;69500;AMETHYSTS;10002;2;9998;3;9995;27;10005;27;;;;;10003.5;-98.0
0;69500;STARFRUIT;4894;3;4893;27;;;4900;27;;;;;4897.0;-1513.75
0;69600;AMETHYSTS;9996;1;9995;24;;;10002;4;10004;1;10005;24;9999.0;-94.0
0;69600;STARFRUIT;4893;25;;;;;4898;4;4900;25;;;4895.5;-1573.75
0;69700;AMETHYSTS;9996;2;9995;27;;;10004;2;10005;27;;;10000.0;-92.0
0;69700;STARFRUIT;4894;29;;;;;4901;29;;;;;4897.5;-1889.75
0;69800;AMETHYSTS;9996;2;9995;26;;;10004;2;10005;26;;;10000.0;-92.0
0;69800;STARFRUIT;4895;1;4894;26;;;4901;28;;;;;4898.0;-2073.75
0;69900;AMETHYSTS;9995;26;;;;;10005;26;;;;;10000.0;-92.0
0;69900;STARFRUIT;4895;26;;;;;4902;26;;;;;4898.5;-2297.0
0;70000;AMETHYSTS;9998;10;9996;1;9995;28;10004;1;10005;28;;;10001.0;-92.0
0;70000;STARFRUIT;4896;10;4895;29;;;4902;29;;;;;4899.0;-2428.5
0;70100;AMETHYSTS;9995;27;;;;;10002;6;10005;27;;;9998.5;-92.0
0;70100;STARFRUIT;4895;27;;;;;4900;6;4902;27;;;4897.5;-2285.25
0;70200;AMETHYSTS;9996;1;9995;25;;;10000;3;10004;1;10005;25;9998.0;-92.0
0;70200;STARFRUIT;4896;1;4895;25;;;4902;26;;;;;4899.0;-2637.0
0;70300;AMETHYSTS;9995;25;;;;;10005;25;;;;;10000.0;-92.0
0;70300;STARFRUIT;4895;25;;;;;4902;25;;;;;4898.5;-2572.25
0;70400;AMETHYSTS;9996;2;9995;29;;;10002;4;10004;2;10005;29;9999.0;-82.0
0;70400;STARFRUIT;4895;31;;;;;4900;9;4902;31;;;4897.5;-2380.75
0;70500;AMETHYSTS;9995;24;;;;;10005;24;;;;;10000.0;-82.0
0;70500;STARFRUIT;4895;24;;;;;4902;24;;;;;4898.5;-2373.0
0;70600;AMETHYSTS;9996;2;9995;27;;;10004;2;10005;27;;;10000.0;-82.0
0;70600;STARFRUIT;4900;1;4895;2;4894;27;4901;29;;;;;4900.5;-2175.25
0;70700;AMETHYSTS;9995;24;;;;;10002;2;10005;24;;;9998.5;-90.0
0;70700;STARFRUIT;4894;24;;;;;4899;2;4901;24;;;4896.5;-2160.25
0;70800;AMETHYSTS;9996;2;9995;30;;;9998;1;10004;2;10005;30;9997.0;-86.0
0;70800;STARFRUIT;4895;1;4894;30;;;4901;32;;;;;4898.0;-2127.0
0;70900;AMETHYSTS;9995;29;;;;;10005;29;;;;;10000.0;-86.0
0;70900;STARFRUIT;4894;29;;;;;4901;29;;;;;4897.5;-2156.25
0;71000;AMETHYSTS;9996;2;9995;29;;;10004;2;10005;29;;;10000.0;-21.0
0;71000;STARFRUIT;4899;1;4894;31;;;4901;31;;;;;4900.0;-1909.25
0;71100;AMETHYSTS;9996;2;9995;20;;;10004;2;10005;20;;;10000.0;-21.0
0;71100;STARFRUIT;4895;22;;;;;4896;7;4901;2;4902;20;4895.5;-2316.75
0;71200;AMETHYSTS;9996;2;9995;24;;;10004;2;10005;24;;;10000.0;-21.0
0;71200;STARFRUIT;4896;2;4895;24;;;4902;26;;;;;4899.0;-2634.75
0;71300;AMETHYSTS;9995;20;;;;;10005;20;;;;;10000.0;-21.0
0;71300;STARFRUIT;4895;20;;;;;4902;20;;;;;4898.5;-2612.25
0;71400;AMETHYSTS;9998;1;9995;30;;;10005;30;;;;;10001.5;-21.0
0;71400;STARFRUIT;4895;30;;;;;4902;30;;;;;4898.5;-2430.25
0;71500;AMETHYSTS;9996;1;9995;30;;;10004;1;10005;30;;;10000.0;-21.0
0;71500;STARFRUIT;4895;31;;;;;4902;31;;;;;4898.5;-2440.25
0;71600;AMETHYSTS;9995;22;;;;;10005;22;;;;;10000.0;-21.0
0;71600;STARFRUIT;4895;22;;;;;4902;22;;;;;4898.5;-2433.0
0;71700;AMETHYSTS;9995;28;;;;;10005;28;;;;;10000.0;-21.0
0;71700;STARFRUIT;4895;28;;;;;4902;28;;;;;4898.5;-2343.5
0;71800;AMETHYSTS;9996;2;9995;20;;;10004;2;10005;20;;;10000.0;-21.0
0;71800;STARFRUIT;4895;2;4894;20;;;4901;22;;;;;4898.0;-2120.75
0;71900;STARFRUIT;4894;22;;;;;4897;5;4901;22;;;4895.5;-1919.75
0;71900;AMETHYSTS;9996;2;9995;20;;;10004;2;10005;20;;;10000.0;-21.0
0;72000;AMETHYSTS;9995;29;;;;;10002;8;10005;29;;;9998.5;-21.0
0;72000;STARFRUIT;4893;29;;;;;4898;8;4900;29;;;4895.5;-1487.5
0;72100;STARFRUIT;4893;28;;;;;4894;3;4898;1;4900;28;4893.5;-1464.75
0;72100;AMETHYSTS;9996;2;9995;26;;;10002;1;10004;2;10005;26;9999.0;-21.0
0;72200;AMETHYSTS;9996;1;9995;20;;;10004;1;10005;20;;;10000.0;-21.0
0;72200;STARFRUIT;4893;1;4892;20;;;4899;21;;;;;4896.0;-1179.0
0;72300;STARFRUIT;4893;30;;;;;4899;1;4900;29;;;4896.0;-1327.0
0;72300;AMETHYSTS;9996;1;9995;29;;;10004;1;10005;29;;;10000.0;-21.0
0;72400;AMETHYSTS;9995;24;;;;;10005;24;;;;;10000.0;-21.0
0;72400;STARFRUIT;4893;24;;;;;4900;24;;;;;4896.5;-1376.25
0;72500;STARFRUIT;4893;30;;;;;4899;2;4900;28;;;4896.0;-1418.0
0;72500;AMETHYSTS;9996;2;9995;28;;;10004;2;10005;28;;;10000.0;-21.0
0;72600;AMETHYSTS;9996;2;9995;22;;;10004;2;10005;22;;;10000.0;-17.0
0;72600;STARFRUIT;4895;4;4892;24;;;4899;24;;;;;4897.0;-1052.25
0;72700;STARFRUIT;4892;29;;;;;4899;29;;;;;4895.5;-1199.75
0;72700;AMETHYSTS;9995;29;;;;;10005;29;;;;;10000.0;-17.0
0;72800;AMETHYSTS;9995;30;;;;;10005;30;;;;;10000.0;-17.0
0;72800;STARFRUIT;4893;30;;;;;4900;30;;;;;4896.5;-1336.25
0;72900;STARFRUIT;4893;24;;;;;4899;24;;;;;4896.0;-1283.75
0;72900;AMETHYSTS;9996;1;9995;23;;;10004;1;10005;23;;;10000.0;-17.0
0;73000;AMETHYSTS;9996;2;9995;24;;;10004;2;10005;24;;;10000.0;-17.0
0;73000;STARFRUIT;4893;26;;;;;4900;26;;;;;4896.5;-1513.75
0;73100;STARFRUIT;4893;26;;;;;4897;5;4899;26;;;4895.0;-1292.75
0;73100;AMETHYSTS;9996;2;9995;24;;;10002;5;10004;2;10005;24;9999.0;-17.0
0;73200;AMETHYSTS;9996;1;9995;30;;;10004;1;10005;30;;;10000.0;-17.0
0;73200;STARFRUIT;4893;31;;;;;4900;31;;;;;4896.5;-1477.5
0;73300;STARFRUIT;4897;2;4893;24;;;4900;24;;;;;4898.5;-1519.5
0;73300;AMETHYSTS;9996;2;9995;22;;;10004;2;10005;22;;;10000.0;-17.0
0;73400;AMETHYSTS;9996;1;9995;29;;;9998;1;10002;6;10004;1;9997.0;-17.0
0;73400;STARFRUIT;4893;30;;;;;4898;6;4899;1;4900;29;4895.5;-1402.0
0;73500;AMETHYSTS;9995;21;;;;;9998;1;10005;21;;;9996.5;-19.0
0;73500;STARFRUIT;4893;21;;;;;4899;21;;;;;4896.0;-1316.0
0;73600;AMETHYSTS;10002;1;9995;21;;;10005;21;;;;;10003.5;-19.0
0;73600;STARFRUIT;4893;21;;;;;4900;21;;;;;4896.5;-1358.75
0;73700;AMETHYSTS;9995;20;;;;;9998;10;10005;20;;;9996.5;-19.0
0;73700;STARFRUIT;4898;1;4892;20;;;4899;20;;;;;4898.5;-1180.0
0;73800;AMETHYSTS;10002;1;9998;6;9995;27;10005;27;;;;;10003.5;-19.0
0;73800;STARFRUIT;4893;6;4892;27;;;4899;27;;;;;4896.0;-1109.5
0;73900;AMETHYSTS;9998;3;9996;2;9995;22;10004;2;10005;22;;;10001.0;-19.0
0;73900;STARFRUIT;4893;5;4892;22;;;4899;24;;;;;4896.0;-1214.25
0;74000;AMETHYSTS;9995;21;;;;;10005;21;;;;;10000.0;-19.0
0;74000;STARFRUIT;4892;21;;;;;4895;3;4899;21;;;4893.5;-945.25
0;74100;AMETHYSTS;9998;2;9996;2;9995;24;10004;2;10005;24;;;10001.0;-19.0
0;74100;STARFRUIT;4892;28;;;;;4898;26;;;;;4895.0;-785.0
0;74200;AMETHYSTS;9995;29;;;;;10005;29;;;;;10000.0;-19.0
0;74200;STARFRUIT;4891;29;;;;;4898;29;;;;;4894.5;-706.5
0;74300;AMETHYSTS;9995;24;;;;;10005;24;;;;;10000.0;-19.0
0;74300;STARFRUIT;4891;24;;;;;4892;11;4898;24;;;4891.5;-744.25
0;74400;AMETHYSTS;9995;21;;;;;10005;21;;;;;10000.0;-19.0
0;74400;STARFRUIT;4891;20;;;;;4898;21;;;;;4894.5;-559.0
0;74500;AMETHYSTS;9995;27;;;;;10005;27;;;;;10000.0;-19.0
0;74500;STARFRUIT;4894;1;4891;27;;;4897;27;;;;;4895.5;-359.5
0;74600;AMETHYSTS;9996;2;9995;27;;;10004;2;10005;27;;;10000.0;-19.0
0;74600;STARFRUIT;4891;1;4890;27;;;4897;29;;;;;4894.0;-216.75
0;74700;AMETHYSTS;9996;2;9995;20;;;9998;1;10004;2;10005;20;9997.0;-11.0
0;74700;STARFRUIT;4890;22;;;;;4896;2;4897;20;;;4893.0;100.5
0;74800;AMETHYSTS;9996;2;9995;22;;;9998;2;10004;2;10005;22;9997.0;-11.0
0;74800;STARFRUIT;4890;24;;;;;4896;24;;;;;4893.0;119.5
0;74900;AMETHYSTS;9996;1;9995;21;;;9998;1;10002;3;10004;1;9997.0;-15.0
0;74900;STARFRUIT;4890;22;;;;;4895;3;4896;1;4897;21;4892.5;46.25
0;75000;AMETHYSTS;9996;2;9995;23;;;10004;2;10005;23;;;10000.0;-17.0
0;75000;STARFRUIT;4890;25;;;;;4896;25;;;;;4893.0;157.0
0;75100;AMETHYSTS;10002;1;10000;4;9998;5;10004;2;10005;21;;;10003.0;-17.0
0;75100;STARFRUIT;4891;5;4890;23;;;4897;23;;;;;4894.0;-138.25
0;75200;AMETHYSTS;9996;1;9995;28;;;10004;1;10005;28;;;10000.0;-17.0
0;75200;STARFRUIT;4895;13;4890;29;;;4897;29;;;;;4896.0;-118.75
0;75300;AMETHYSTS;9995;27;;;;;10005;27;;;;;10000.0;-17.0
0;75300;STARFRUIT;4891;27;;;;;4892;1;4898;27;;;4891.5;-815.5
0;75400;AMETHYSTS;9996;2;9995;26;;;10004;2;10005;26;;;10000.0;-17.0
0;75400;STARFRUIT;4896;5;4892;28;;;4899;28;;;;;4897.5;-1037.25
0;75500;AMETHYSTS;9996;1;9995;23;;;10004;1;10005;23;;;10000.0;-17.0
0;75500;STARFRUIT;4892;24;;;;;4898;24;;;;;4895.0;-860.5
0;75600;AMETHYSTS;9995;30;;;;;10002;9;10005;30;;;9998.5;-17.0
0;75600;STARFRUIT;4892;30;;;;;4897;9;4899;30;;;4894.5;-932.0
0;75700;AMETHYSTS;9995;20;;;;;10002;1;10005;20;;;9998.5;-17.0
0;75700;STARFRUIT;4892;20;;;;;4897;1;4899;20;;;4894.5;-1200.25
0;75800;AMETHYSTS;9996;2;9995;29;;;10004;2;10005;29;;;10000.0;-17.0
0;75800;STARFRUIT;4892;31;;;;;4899;31;;;;;4895.5;-1099.75
0;75900;AMETHYSTS;9996;1;9995;20;;;10004;1;10005;20;;;10000.0;-13.0
0;75900;STARFRUIT;4892;21;;;;;4895;1;4898;21;;;4893.5;-852.75
0;76000;AMETHYSTS;10000;4;9995;21;;;10002;9;10005;21;;;10001.0;-13.0
0;76000;STARFRUIT;4892;21;;;;;4897;9;4898;21;;;4894.5;-866.5
0;76100;AMETHYSTS;9996;1;9995;25;;;10004;1;10005;25;;;10000.0;-13.0
0;76100;STARFRUIT;4892;26;;;;;4898;1;4899;25;;;4895.0;-1030.0
0;76200;AMETHYSTS;9995;20;;;;;10005;20;;;;;10000.0;-13.0
0;76200;STARFRUIT;4892;20;;;;;4899;20;;;;;4895.5;-1188.75
0;76300;AMETHYSTS;9996;1;9995;21;;;9998;12;10004;1;10005;21;9997.0;-13.0
0;76300;STARFRUIT;4892;22;;;;;4893;1;4899;22;;;4892.5;-1171.5
0;76400;AMETHYSTS;9996;2;9995;26;;;10004;2;10005;26;;;10000.0;-13.0
0;76400;STARFRUIT;4893;2;4892;26;;;4899;28;;;;;4896.0;-1372.5
0;76500;STARFRUIT;4893;21;;;;;4899;1;4900;20;;;4896.0;-1510.75
0;76500;AMETHYSTS;9996;1;9995;20;;;10004;1;10005;20;;;10000.0;-13.0
0;76600;STARFRUIT;4898;1;4893;30;;;4900;30;;;;;4899.0;-1636.0
0;76600;AMETHYSTS;9995;30;;;;;10005;30;;;;;10000.0;-13.0
0;76700;AMETHYSTS;9998;1;9996;1;9995;25;10004;1;10005;25;;;10001.0;-13.0
0;76700;STARFRUIT;4894;1;4893;26;;;4900;26;;;;;4897.0;-1621.25
0;76800;AMETHYSTS;9996;2;9995;25;;;10004;2;10005;25;;;10000.0;-13.0
0;76800;STARFRUIT;4893;27;;;;;4894;1;4900;27;;;4893.5;-1756.75
0;76900;STARFRUIT;4894;2;4893;21;;;4900;23;;;;;4897.0;-1828.75
0;76900;AMETHYSTS;9996;2;9995;21;;;10004;2;10005;21;;;10000.0;-13.0
0;77000;STARFRUIT;4894;2;4893;30;;;4900;32;;;;;4897.0;-1872.25
0;77000;AMETHYSTS;9996;2;9995;30;;;10004;2;10005;30;;;10000.0;-13.0
0;77100;AMETHYSTS;9996;1;9995;29;;;10004;1;10005;29;;;10000.0;-13.0
0;77100;STARFRUIT;4894;29;;;;;4900;30;;;;;4897.0;-1995.75
0;77200;AMETHYSTS;9996;1;9995;29;;;10004;1;10005;29;;;10000.0;-13.0
0;77200;STARFRUIT;4894;30;;;;;4901;30;;;;;4897.5;-2332.25
0;77300;STARFRUIT;4895;1;4894;23;;;4901;24;;;;;4898.0;-2376.5
0;77300;AMETHYSTS;9996;1;9995;23;;;10004;1;10005;23;;;10000.0;-13.0
0;77400;STARFRUIT;4894;22;;;;;4901;22;;;;;4897.5;-2283.0
0;77400;AMETHYSTS;9996;1;9995;21;;;10004;1;10005;21;;;10000.0;-13.0
0;77500;AMETHYSTS;9996;2;9995;26;;;9998;3;10004;2;10005;26;9997.0;-13.0
0;77500;STARFRUIT;4895;28;;;;;4901;28;;;;;4898.0;-2485.75
0;77600;AMETHYSTS;9996;1;9995;30;;;10004;1;10005;30;;;10000.0;-13.0
0;77600;STARFRUIT;4894;31;;;;;4901;31;;;;;4897.5;-2316.75
0;77700;STARFRUIT;4895;5;4894;28;;;4901;28;;;;;4898.0;-2259.75
0;77700;AMETHYSTS;9998;4;9995;28;;;10005;28;;;;;10001.5;-15.0
0;77800;STARFRUIT;4894;29;;;;;4901;29;;;;;4897.5;-2304.25
0;77800;AMETHYSTS;9995;29;;;;;10005;29;;;;;10000.0;-15.0
0;77900;AMETHYSTS;9996;2;9995;24;;;9998;1;10004;2;10005;24;9997.0;-15.0
0;77900;STARFRUIT;4895;2;4894;24;;;4901;26;;;;;4898.0;-2391.75
0;78000;AMETHYSTS;9998;2;9996;1;9995;27;10004;1;10005;27;;;10001.0;-15.0
0;78000;STARFRUIT;4895;2;4894;27;;;4901;28;;;;;4898.0;-2399.25
0;78100;AMETHYSTS;10002;1;9998;4;9996;1;10004;1;10005;30;;;10003.0;-15.0
0;78100;STARFRUIT;4896;4;4895;31;;;4901;31;;;;;4898.5;-2488.25
0;78200;AMETHYSTS;9998;8;9996;1;9995;27;10004;1;10005;27;;;10001.0;-13.0
0;78200;STARFRUIT;4895;8;4894;28;;;4901;28;;;;;4898.0;-2246.5
0;78300;AMETHYSTS;9998;3;9995;28;;;10005;28;;;;;10001.5;-13.0
0;78300;STARFRUIT;4895;3;4894;28;;;4900;28;;;;;4897.5;-2002.5
