timestamp;buyer;seller;symbol;currency;price;quantity
100;;;AMETHYSTS;SEASHELLS;10002.0;1
300;;;AMETHYSTS;SEASHELLS;9998.0;2
300;;;AMETHYSTS;SEASHELLS;9998.0;1
400;;;STARFRUIT;SEASHELLS;4899.0;9
500;;;STARFRUIT;SEASHELLS;4899.0;1
500;;;AMETHYSTS;SEASHELLS;10004.0;1
500;;;AMETHYSTS;SEASHELLS;10002.0;1
1400;;;STARFRUIT;SEASHELLS;4891.0;1
1500;;;STARFRUIT;SEASHELLS;4896.0;1
1500;;;AMETHYSTS;SEASHELLS;10002.0;1
1700;;;AMETHYSTS;SEASHELLS;10005.0;6
2200;;;STARFRUIT;SEASHELLS;4896.0;16
2400;;;STARFRUIT;SEASHELLS;4894.0;3
2500;;;STARFRUIT;SEASHELLS;4891.0;5
2700;;;AMETHYSTS;SEASHELLS;9998.0;5
2800;;;STARFRUIT;SEASHELLS;4895.0;1
2900;;;AMETHYSTS;SEASHELLS;9998.0;1
3100;;;STARFRUIT;SEASHELLS;4891.0;1
3300;;;AMETHYSTS;SEASHELLS;9996.0;2
3300;;;AMETHYSTS;SEASHELLS;9996.0;2
3700;;;STARFRUIT;SEASHELLS;4897.0;1
4200;;;STARFRUIT;SEASHELLS;4893.0;2
4200;;;STARFRUIT;SEASHELLS;4893.0;10
4300;;;STARFRUIT;SEASHELLS;4892.0;1
4300;;;AMETHYSTS;SEASHELLS;9996.0;2
4300;;;AMETHYSTS;SEASHELLS;9996.0;1
4300;;;AMETHYSTS;SEASHELLS;9995.0;1
4400;;;STARFRUIT;SEASHELLS;4893.0;1
4400;;;AMETHYSTS;SEASHELLS;9998.0;1
4700;;;STARFRUIT;SEASHELLS;4893.0;8
4700;;;STARFRUIT;SEASHELLS;4893.0;4
4800;;;STARFRUIT;SEASHELLS;4898.0;1
4800;;;AMETHYSTS;SEASHELLS;10002.0;3
4900;;;AMETHYSTS;SEASHELLS;9998.0;4
4900;;;AMETHYSTS;SEASHELLS;9998.0;1
5100;;;STARFRUIT;SEASHELLS;4894.0;1
5100;;;STARFRUIT;SEASHELLS;4894.0;2
6200;;;STARFRUIT;SEASHELLS;4895.0;12
6200;;;STARFRUIT;SEASHELLS;4895.0;1
6300;;;STARFRUIT;SEASHELLS;4901.0;6
6300;;;STARFRUIT;SEASHELLS;4894.0;1
6600;;;STARFRUIT;SEASHELLS;4901.0;18
6700;;;AMETHYSTS;SEASHELLS;10002.0;4
6800;;;AMETHYSTS;SEASHELLS;9996.0;1
6800;;;AMETHYSTS;SEASHELLS;9998.0;1
6800;;;AMETHYSTS;SEASHELLS;9996.0;1
6800;;;STARFRUIT;SEASHELLS;4894.0;1
6800;;;STARFRUIT;SEASHELLS;4894.0;1
7200;;;STARFRUIT;SEASHELLS;4899.0;1
7200;;;AMETHYSTS;SEASHELLS;10004.0;1
7400;;;AMETHYSTS;SEASHELLS;10002.0;1
7600;;;STARFRUIT;SEASHELLS;4895.0;2
7700;;;STARFRUIT;SEASHELLS;4900.0;1
7700;;;STARFRUIT;SEASHELLS;4901.0;1
7700;;;AMETHYSTS;SEASHELLS;10005.0;1
7800;;;STARFRUIT;SEASHELLS;4900.0;1
7900;;;STARFRUIT;SEASHELLS;4900.0;1
7900;;;AMETHYSTS;SEASHELLS;10002.0;1
8200;;;STARFRUIT;SEASHELLS;4901.0;2
8200;;;AMETHYSTS;SEASHELLS;9998.0;1
8700;;;STARFRUIT;SEASHELLS;4898.0;1
8900;;;AMETHYSTS;SEASHELLS;10002.0;5
9600;;;STARFRUIT;SEASHELLS;4896.0;1
10300;;;AMETHYSTS;SEASHELLS;10004.0;2
10300;;;STARFRUIT;SEASHELLS;4896.0;2
10600;;;AMETHYSTS;SEASHELLS;9998.0;1
10600;;;AMETHYSTS;SEASHELLS;9998.0;1
10800;;;AMETHYSTS;SEASHELLS;10002.0;1
10800;;;STARFRUIT;SEASHELLS;4895.0;1
11100;;;AMETHYSTS;SEASHELLS;9996.0;2
11300;;;STARFRUIT;SEASHELLS;4898.0;1
11400;;;AMETHYSTS;SEASHELLS;9998.0;1
12100;;;AMETHYSTS;SEASHELLS;10002.0;1
12300;;;AMETHYSTS;SEASHELLS;10002.0;1
12500;;;AMETHYSTS;SEASHELLS;10002.0;5
13700;;;AMETHYSTS;SEASHELLS;9998.0;1
14000;;;AMETHYSTS;SEASHELLS;9996.0;1
14000;;;STARFRUIT;SEASHELLS;4899.0;1
14300;;;STARFRUIT;SEASHELLS;4894.0;1
14500;;;STARFRUIT;SEASHELLS;4894.0;1
14800;;;STARFRUIT;SEASHELLS;4894.0;1
15100;;;STARFRUIT;SEASHELLS;4899.0;1
15100;;;AMETHYSTS;SEASHELLS;10002.0;1
15400;;;AMETHYSTS;SEASHELLS;10002.0;1
15400;;;STARFRUIT;SEASHELLS;4898.0;1
15800;;;AMETHYSTS;SEASHELLS;9998.0;4
16000;;;STARFRUIT;SEASHELLS;4892.0;10
16700;;;STARFRUIT;SEASHELLS;4893.0;1
16800;;;STARFRUIT;SEASHELLS;4898.0;2
16800;;;AMETHYSTS;SEASHELLS;10002.0;2
17100;;;STARFRUIT;SEASHELLS;4894.0;1
17300;;;STARFRUIT;SEASHELLS;4895.0;2
17300;;;AMETHYSTS;SEASHELLS;9998.0;1
18600;;;AMETHYSTS;SEASHELLS;10002.0;1
18900;;;AMETHYSTS;SEASHELLS;10004.0;1
18900;;;STARFRUIT;SEASHELLS;4901.0;2
19000;;;STARFRUIT;SEASHELLS;4894.0;1
20100;;;AMETHYSTS;SEASHELLS;9998.0;1
20300;;;STARFRUIT;SEASHELLS;4893.0;10
20600;;;AMETHYSTS;SEASHELLS;10004.0;1
20600;;;STARFRUIT;SEASHELLS;4899.0;1
20800;;;STARFRUIT;SEASHELLS;4896.0;1
20900;;;AMETHYSTS;SEASHELLS;10004.0;1
21100;;;STARFRUIT;SEASHELLS;4891.0;1
21100;;;STARFRUIT;SEASHELLS;4891.0;1
21100;;;AMETHYSTS;SEASHELLS;9998.0;1
21100;;;AMETHYSTS;SEASHELLS;9998.0;1
21300;;;STARFRUIT;SEASHELLS;4891.0;1
21500;;;STARFRUIT;SEASHELLS;4896.0;4
21600;;;AMETHYSTS;SEASHELLS;10002.0;1
21600;;;STARFRUIT;SEASHELLS;4892.0;1
21800;;;STARFRUIT;SEASHELLS;4893.0;1
21900;;;STARFRUIT;SEASHELLS;4893.0;1
21900;;;AMETHYSTS;SEASHELLS;9996.0;1
22000;;;STARFRUIT;SEASHELLS;4892.0;1
22000;;;AMETHYSTS;SEASHELLS;10000.0;2
22100;;;STARFRUIT;SEASHELLS;4892.0;1
22100;;;AMETHYSTS;SEASHELLS;9996.0;1
22400;;;AMETHYSTS;SEASHELLS;10002.0;1
22400;;;AMETHYSTS;SEASHELLS;10002.0;2
22500;;;AMETHYSTS;SEASHELLS;10002.0;6
23200;;;STARFRUIT;SEASHELLS;4891.0;14
23200;;;AMETHYSTS;SEASHELLS;9998.0;1
23600;;;STARFRUIT;SEASHELLS;4895.0;3
23900;;;STARFRUIT;SEASHELLS;4896.0;1
24200;;;AMETHYSTS;SEASHELLS;9998.0;1
24300;;;AMETHYSTS;SEASHELLS;10002.0;1
24300;;;AMETHYSTS;SEASHELLS;10002.0;5
24500;;;AMETHYSTS;SEASHELLS;9998.0;1
24500;;;STARFRUIT;SEASHELLS;4894.0;4
24500;;;AMETHYSTS;SEASHELLS;9998.0;1
24500;;;STARFRUIT;SEASHELLS;4894.0;1
24700;;;STARFRUIT;SEASHELLS;4896.0;1
24700;;;AMETHYSTS;SEASHELLS;10004.0;1
25100;;;STARFRUIT;SEASHELLS;4892.0;6
25100;;;STARFRUIT;SEASHELLS;4892.0;2
25100;;;STARFRUIT;SEASHELLS;4892.0;1
25100;;;AMETHYSTS;SEASHELLS;10005.0;2
25200;;;STARFRUIT;SEASHELLS;4890.0;1
25300;;;STARFRUIT;SEASHELLS;4890.0;1
25300;;;AMETHYSTS;SEASHELLS;9996.0;1
25400;;;AMETHYSTS;SEASHELLS;10004.0;1
25400;;;STARFRUIT;SEASHELLS;4896.0;1
26400;;;STARFRUIT;SEASHELLS;4888.0;1
26500;;;STARFRUIT;SEASHELLS;4893.0;1
26500;;;AMETHYSTS;SEASHELLS;10002.0;2
26500;;;STARFRUIT;SEASHELLS;4893.0;2
26600;;;AMETHYSTS;SEASHELLS;10002.0;3
26900;;;AMETHYSTS;SEASHELLS;9998.0;1
27200;;;STARFRUIT;SEASHELLS;4893.0;3
27400;;;AMETHYSTS;SEASHELLS;10004.0;1
27500;;;STARFRUIT;SEASHELLS;4890.0;1
27600;;;AMETHYSTS;SEASHELLS;9998.0;1
27700;;;STARFRUIT;SEASHELLS;4895.0;3
27700;;;AMETHYSTS;SEASHELLS;9996.0;4
27700;;;AMETHYSTS;SEASHELLS;9996.0;2
27900;;;AMETHYSTS;SEASHELLS;9998.0;4
28000;;;STARFRUIT;SEASHELLS;4893.0;1
28000;;;AMETHYSTS;SEASHELLS;10002.0;1
28100;;;AMETHYSTS;SEASHELLS;9995.0;1
28100;;;STARFRUIT;SEASHELLS;4888.0;1
28600;;;STARFRUIT;SEASHELLS;4888.0;1
28700;;;AMETHYSTS;SEASHELLS;9996.0;1
28700;;;AMETHYSTS;SEASHELLS;9996.0;7
29000;;;STARFRUIT;SEASHELLS;4894.0;1
29000;;;AMETHYSTS;SEASHELLS;10005.0;1
29200;;;AMETHYSTS;SEASHELLS;10002.0;1
29200;;;AMETHYSTS;SEASHELLS;10002.0;1
29300;;;STARFRUIT;SEASHELLS;4888.0;1
29400;;;STARFRUIT;SEASHELLS;4892.0;4
29900;;;AMETHYSTS;SEASHELLS;10002.0;4
30000;;;STARFRUIT;SEASHELLS;4893.0;1
30600;;;STARFRUIT;SEASHELLS;4893.0;2
30700;;;STARFRUIT;SEASHELLS;4891.0;3
30700;;;STARFRUIT;SEASHELLS;4891.0;1
31200;;;STARFRUIT;SEASHELLS;4887.0;1
31500;;;STARFRUIT;SEASHELLS;4888.0;1
31700;;;AMETHYSTS;SEASHELLS;9998.0;3
31700;;;AMETHYSTS;SEASHELLS;9998.0;1
31700;;;STARFRUIT;SEASHELLS;4892.0;1
32000;;;AMETHYSTS;SEASHELLS;10002.0;1
32200;;;STARFRUIT;SEASHELLS;4892.0;1
32300;;;AMETHYSTS;SEASHELLS;10002.0;1
32400;;;STARFRUIT;SEASHELLS;4886.0;1
32700;;;AMETHYSTS;SEASHELLS;10002.0;1
33600;;;STARFRUIT;SEASHELLS;4885.0;1
33700;;;AMETHYSTS;SEASHELLS;9998.0;1
33700;;;STARFRUIT;SEASHELLS;4885.0;7
33800;;;AMETHYSTS;SEASHELLS;10002.0;1
33900;;;AMETHYSTS;SEASHELLS;10005.0;2
33900;;;STARFRUIT;SEASHELLS;4891.0;2
34100;;;STARFRUIT;SEASHELLS;4885.0;1
34200;;;STARFRUIT;SEASHELLS;4885.0;1
34200;;;AMETHYSTS;SEASHELLS;9995.0;2
34200;;;AMETHYSTS;SEASHELLS;9996.0;1
34200;;;STARFRUIT;SEASHELLS;4885.0;1
34200;;;AMETHYSTS;SEASHELLS;9996.0;2
34300;;;STARFRUIT;SEASHELLS;4885.0;1
34400;;;STARFRUIT;SEASHELLS;4884.0;1
34700;;;AMETHYSTS;SEASHELLS;9998.0;5
34800;;;AMETHYSTS;SEASHELLS;10002.0;1
34900;;;STARFRUIT;SEASHELLS;4884.0;1
34900;;;STARFRUIT;SEASHELLS;4884.0;2
35500;;;STARFRUIT;SEASHELLS;4883.0;1
35600;;;STARFRUIT;SEASHELLS;4883.0;1
35700;;;AMETHYSTS;SEASHELLS;10002.0;1
35700;;;AMETHYSTS;SEASHELLS;10002.0;1
35900;;;STARFRUIT;SEASHELLS;4884.0;1
36000;;;AMETHYSTS;SEASHELLS;9998.0;1
36300;;;STARFRUIT;SEASHELLS;4884.0;1
36500;;;AMETHYSTS;SEASHELLS;9996.0;1
36700;;;STARFRUIT;SEASHELLS;4889.0;1
36700;;;STARFRUIT;SEASHELLS;4885.0;1
36700;;;AMETHYSTS;SEASHELLS;10002.0;1
36800;;;AMETHYSTS;SEASHELLS;10002.0;1
37100;;;STARFRUIT;SEASHELLS;4889.0;1
37200;;;AMETHYSTS;SEASHELLS;9998.0;1
37300;;;AMETHYSTS;SEASHELLS;10002.0;7
37300;;;AMETHYSTS;SEASHELLS;10002.0;5
37700;;;STARFRUIT;SEASHELLS;4888.0;1
37800;;;STARFRUIT;SEASHELLS;4883.0;4
37900;;;STARFRUIT;SEASHELLS;4884.0;1
38100;;;STARFRUIT;SEASHELLS;4883.0;1
38200;;;AMETHYSTS;SEASHELLS;9998.0;2
38200;;;AMETHYSTS;SEASHELLS;9998.0;5
38300;;;STARFRUIT;SEASHELLS;4883.0;6
38400;;;STARFRUIT;SEASHELLS;4883.0;1
38500;;;AMETHYSTS;SEASHELLS;10002.0;1
38500;;;STARFRUIT;SEASHELLS;4888.0;1
38600;;;AMETHYSTS;SEASHELLS;10002.0;5
38900;;;AMETHYSTS;SEASHELLS;10002.0;4
39400;;;STARFRUIT;SEASHELLS;4891.0;1
39400;;;AMETHYSTS;SEASHELLS;10004.0;1
39600;;;AMETHYSTS;SEASHELLS;10005.0;2
39700;;;AMETHYSTS;SEASHELLS;10005.0;8
39700;;;AMETHYSTS;SEASHELLS;9995.0;2
39700;;;STARFRUIT;SEASHELLS;4890.0;1
39700;;;AMETHYSTS;SEASHELLS;10005.0;1
40000;;;STARFRUIT;SEASHELLS;4888.0;5
40100;;;AMETHYSTS;SEASHELLS;10002.0;1
40300;;;AMETHYSTS;SEASHELLS;9996.0;1
40300;;;AMETHYSTS;SEASHELLS;9996.0;5
41000;;;STARFRUIT;SEASHELLS;4886.0;4
41400;;;STARFRUIT;SEASHELLS;4885.0;1
41500;;;AMETHYSTS;SEASHELLS;9998.0;1
42200;;;STARFRUIT;SEASHELLS;4887.0;2
42200;;;AMETHYSTS;SEASHELLS;9995.0;2
42300;;;AMETHYSTS;SEASHELLS;10005.0;1
42300;;;STARFRUIT;SEASHELLS;4892.0;1
42300;;;STARFRUIT;SEASHELLS;4894.0;1
42500;;;STARFRUIT;SEASHELLS;4886.0;3
42500;;;STARFRUIT;SEASHELLS;4886.0;1
42700;;;STARFRUIT;SEASHELLS;4886.0;1
43200;;;AMETHYSTS;SEASHELLS;10002.0;1
43400;;;STARFRUIT;SEASHELLS;4887.0;1
43800;;;AMETHYSTS;SEASHELLS;9998.0;1
44000;;;AMETHYSTS;SEASHELLS;10002.0;4
44100;;;STARFRUIT;SEASHELLS;4886.0;2
44100;;;AMETHYSTS;SEASHELLS;9996.0;2
44100;;;STARFRUIT;SEASHELLS;4887.0;1
44200;;;AMETHYSTS;SEASHELLS;9998.0;2
44500;;;AMETHYSTS;SEASHELLS;9996.0;1
44500;;;STARFRUIT;SEASHELLS;4886.0;1
44700;;;AMETHYSTS;SEASHELLS;9996.0;1
44700;;;STARFRUIT;SEASHELLS;4886.0;1
45100;;;AMETHYSTS;SEASHELLS;9998.0;1
45300;;;AMETHYSTS;SEASHELLS;9998.0;1
45300;;;STARFRUIT;SEASHELLS;4888.0;1
45600;;;STARFRUIT;SEASHELLS;4894.0;1
46000;;;AMETHYSTS;SEASHELLS;9998.0;5
46000;;;AMETHYSTS;SEASHELLS;9996.0;2
46000;;;AMETHYSTS;SEASHELLS;9996.0;1
46100;;;STARFRUIT;SEASHELLS;4891.0;1
46200;;;STARFRUIT;SEASHELLS;4892.0;2
46500;;;STARFRUIT;SEASHELLS;4891.0;1
46800;;;AMETHYSTS;SEASHELLS;9998.0;1
46900;;;STARFRUIT;SEASHELLS;4895.0;1
47000;;;AMETHYSTS;SEASHELLS;9995.0;2
47000;;;STARFRUIT;SEASHELLS;4889.0;2
47100;;;STARFRUIT;SEASHELLS;4890.0;1
47200;;;STARFRUIT;SEASHELLS;4895.0;1
47600;;;STARFRUIT;SEASHELLS;4889.0;2
47600;;;AMETHYSTS;SEASHELLS;9995.0;2
47700;;;AMETHYSTS;SEASHELLS;9998.0;1
48300;;;STARFRUIT;SEASHELLS;4895.0;1
48700;;;AMETHYSTS;SEASHELLS;10002.0;2
48900;;;STARFRUIT;SEASHELLS;4890.0;1
49100;;;STARFRUIT;SEASHELLS;4891.0;2
49100;;;AMETHYSTS;SEASHELLS;9998.0;2
49300;;;STARFRUIT;SEASHELLS;4896.0;1
49700;;;AMETHYSTS;SEASHELLS;10002.0;1
49800;;;AMETHYSTS;SEASHELLS;9998.0;1
49900;;;AMETHYSTS;SEASHELLS;10002.0;1
50100;;;AMETHYSTS;SEASHELLS;10004.0;2
50100;;;STARFRUIT;SEASHELLS;4896.0;2
50300;;;AMETHYSTS;SEASHELLS;10002.0;1
50400;;;AMETHYSTS;SEASHELLS;10002.0;4
50600;;;STARFRUIT;SEASHELLS;4895.0;1
50700;;;STARFRUIT;SEASHELLS;4891.0;1
50800;;;AMETHYSTS;SEASHELLS;9998.0;1
52300;;;STARFRUIT;SEASHELLS;4897.0;1
52700;;;AMETHYSTS;SEASHELLS;9998.0;1
52700;;;AMETHYSTS;SEASHELLS;9995.0;2
52700;;;STARFRUIT;SEASHELLS;4891.0;2
53400;;;STARFRUIT;SEASHELLS;4893.0;1
53600;;;AMETHYSTS;SEASHELLS;9998.0;2
53600;;;STARFRUIT;SEASHELLS;4893.0;1
54400;;;STARFRUIT;SEASHELLS;4892.0;1
54500;;;STARFRUIT;SEASHELLS;4892.0;1
54700;;;AMETHYSTS;SEASHELLS;9998.0;1
55000;;;AMETHYSTS;SEASHELLS;9998.0;1
55000;;;STARFRUIT;SEASHELLS;4900.0;1
55900;;;STARFRUIT;SEASHELLS;4901.0;3
56600;;;AMETHYSTS;SEASHELLS;10004.0;1
56700;;;STARFRUIT;SEASHELLS;4894.0;1
56800;;;STARFRUIT;SEASHELLS;4894.0;1
57000;;;STARFRUIT;SEASHELLS;4893.0;2
57000;;;AMETHYSTS;SEASHELLS;9995.0;2
57000;;;STARFRUIT;SEASHELLS;4893.0;4
57200;;;STARFRUIT;SEASHELLS;4896.0;2
57300;;;AMETHYSTS;SEASHELLS;10002.0;1
57400;;;STARFRUIT;SEASHELLS;4893.0;1
58000;;;STARFRUIT;SEASHELLS;4893.0;1
58100;;;STARFRUIT;SEASHELLS;4893.0;1
58800;;;AMETHYSTS;SEASHELLS;9998.0;1
58900;;;AMETHYSTS;SEASHELLS;9998.0;1
59000;;;AMETHYSTS;SEASHELLS;9998.0;9
59100;;;AMETHYSTS;SEASHELLS;9998.0;2
59100;;;STARFRUIT;SEASHELLS;4894.0;12
59300;;;AMETHYSTS;SEASHELLS;9998.0;1
59300;;;AMETHYSTS;SEASHELLS;9998.0;2
59400;;;AMETHYSTS;SEASHELLS;10002.0;3
59900;;;AMETHYSTS;SEASHELLS;10004.0;2
59900;;;AMETHYSTS;SEASHELLS;10002.0;1
59900;;;STARFRUIT;SEASHELLS;4900.0;2
60100;;;AMETHYSTS;SEASHELLS;9998.0;1
60200;;;AMETHYSTS;SEASHELLS;9998.0;1
60400;;;AMETHYSTS;SEASHELLS;9998.0;2
60500;;;AMETHYSTS;SEASHELLS;9996.0;1
60500;;;STARFRUIT;SEASHELLS;4893.0;1
61000;;;STARFRUIT;SEASHELLS;4900.0;1
61000;;;AMETHYSTS;SEASHELLS;10004.0;1
61100;;;STARFRUIT;SEASHELLS;4895.0;2
61500;;;AMETHYSTS;SEASHELLS;10002.0;6
62200;;;STARFRUIT;SEASHELLS;4892.0;1
62800;;;AMETHYSTS;SEASHELLS;9996.0;7
62800;;;AMETHYSTS;SEASHELLS;9996.0;1
62900;;;STARFRUIT;SEASHELLS;4900.0;1
62900;;;AMETHYSTS;SEASHELLS;10004.0;1
63000;;;STARFRUIT;SEASHELLS;4899.0;2
63500;;;AMETHYSTS;SEASHELLS;9998.0;1
63700;;;AMETHYSTS;SEASHELLS;9998.0;1
63700;;;STARFRUIT;SEASHELLS;4895.0;1
63800;;;STARFRUIT;SEASHELLS;4894.0;1
63900;;;STARFRUIT;SEASHELLS;4895.0;1
64300;;;STARFRUIT;SEASHELLS;4902.0;5
64400;;;STARFRUIT;SEASHELLS;4894.0;1
64600;;;STARFRUIT;SEASHELLS;4895.0;1
64900;;;STARFRUIT;SEASHELLS;4895.0;1
65100;;;AMETHYSTS;SEASHELLS;10004.0;1
65100;;;STARFRUIT;SEASHELLS;4902.0;1
65300;;;STARFRUIT;SEASHELLS;4900.0;1
65300;;;AMETHYSTS;SEASHELLS;10002.0;1
65400;;;AMETHYSTS;SEASHELLS;9998.0;1
66000;;;AMETHYSTS;SEASHELLS;9996.0;1
66000;;;STARFRUIT;SEASHELLS;4894.0;2
66100;;;AMETHYSTS;SEASHELLS;9995.0;6
66500;;;STARFRUIT;SEASHELLS;4892.0;10
66500;;;STARFRUIT;SEASHELLS;4892.0;1
67000;;;STARFRUIT;SEASHELLS;4893.0;5
67000;;;AMETHYSTS;SEASHELLS;10002.0;4
67100;;;AMETHYSTS;SEASHELLS;9996.0;1
67300;;;STARFRUIT;SEASHELLS;4891.0;1
67300;;;STARFRUIT;SEASHELLS;4891.0;17
67700;;;AMETHYSTS;SEASHELLS;10002.0;1
68000;;;STARFRUIT;SEASHELLS;4892.0;16
68700;;;STARFRUIT;SEASHELLS;4899.0;18
69400;;;AMETHYSTS;SEASHELLS;10002.0;4
69500;;;AMETHYSTS;SEASHELLS;10002.0;1
69500;;;AMETHYSTS;SEASHELLS;10002.0;1
69600;;;AMETHYSTS;SEASHELLS;10002.0;1
69600;;;STARFRUIT;SEASHELLS;4898.0;1
69800;;;STARFRUIT;SEASHELLS;4895.0;1
70400;;;AMETHYSTS;SEASHELLS;10002.0;5
70600;;;AMETHYSTS;SEASHELLS;9996.0;2
70700;;;AMETHYSTS;SEASHELLS;10002.0;2
70700;;;STARFRUIT;SEASHELLS;4899.0;2
70800;;;STARFRUIT;SEASHELLS;4895.0;1
70900;;;AMETHYSTS;SEASHELLS;10005.0;1
70900;;;AMETHYSTS;SEASHELLS;10005.0;12
70900;;;STARFRUIT;SEASHELLS;4901.0;1
71000;;;STARFRUIT;SEASHELLS;4899.0;1
71400;;;STARFRUIT;SEASHELLS;4896.0;1
72200;;;STARFRUIT;SEASHELLS;4893.0;9
72200;;;STARFRUIT;SEASHELLS;4893.0;1
72500;;;STARFRUIT;SEASHELLS;4899.0;1
72500;;;AMETHYSTS;SEASHELLS;10004.0;1
73400;;;AMETHYSTS;SEASHELLS;9998.0;1
73700;;;STARFRUIT;SEASHELLS;4898.0;1
74300;;;STARFRUIT;SEASHELLS;4897.0;1
74300;;;STARFRUIT;SEASHELLS;4892.0;11
74400;;;STARFRUIT;SEASHELLS;4891.0;1
74600;;;STARFRUIT;SEASHELLS;4891.0;1
74600;;;AMETHYSTS;SEASHELLS;10004.0;2
74800;;;AMETHYSTS;SEASHELLS;9998.0;2
74900;;;AMETHYSTS;SEASHELLS;9998.0;1
75200;;;STARFRUIT;SEASHELLS;4895.0;7
75200;;;STARFRUIT;SEASHELLS;4895.0;6
75400;;;STARFRUIT;SEASHELLS;4896.0;5
75800;;;STARFRUIT;SEASHELLS;4899.0;1
75800;;;AMETHYSTS;SEASHELLS;10004.0;1
76000;;;STARFRUIT;SEASHELLS;4892.0;20
77100;;;STARFRUIT;SEASHELLS;4894.0;1
77700;;;AMETHYSTS;SEASHELLS;9998.0;1
78000;;;STARFRUIT;SEASHELLS;4895.0;1
78100;;;AMETHYSTS;SEASHELLS;10002.0;1
78400;;;AMETHYSTS;SEASHELLS;10004.0;5
78400;;;AMETHYSTS;SEASHELLS;10004.0;2
78600;;;AMETHYSTS;SEASHELLS;9996.0;2
78800;;;STARFRUIT;SEASHELLS;4900.0;1
79100;;;STARFRUIT;SEASHELLS;4895.0;1
79300;;;AMETHYSTS;SEASHELLS;9996.0;1
79300;;;STARFRUIT;SEASHELLS;4895.0;1
79500;;;AMETHYSTS;SEASHELLS;10004.0;1
79500;;;STARFRUIT;SEASHELLS;4902.0;1
79800;;;STARFRUIT;SEASHELLS;4900.0;1
79900;;;STARFRUIT;SEASHELLS;4894.0;2
79900;;;AMETHYSTS;SEASHELLS;9998.0;2
80000;;;STARFRUIT;SEASHELLS;4894.0;1
80000;;;STARFRUIT;SEASHELLS;4894.0;1
80300;;;AMETHYSTS;SEASHELLS;9998.0;3
80400;;;STARFRUIT;SEASHELLS;4899.0;1
80400;;;AMETHYSTS;SEASHELLS;9998.0;1
80600;;;AMETHYSTS;SEASHELLS;9998.0;1
80700;;;AMETHYSTS;SEASHELLS;9998.0;1
81500;;;STARFRUIT;SEASHELLS;4894.0;1
81500;;;AMETHYSTS;SEASHELLS;10002.0;1
81700;;;STARFRUIT;SEASHELLS;4895.0;1
81800;;;STARFRUIT;SEASHELLS;4900.0;1
82100;;;STARFRUIT;SEASHELLS;4900.0;19
82200;;;AMETHYSTS;SEASHELLS;9998.0;4
82500;;;STARFRUIT;SEASHELLS;4898.0;1
83000;;;AMETHYSTS;SEASHELLS;9998.0;1
83400;;;AMETHYSTS;SEASHELLS;10002.0;1
83800;;;STARFRUIT;SEASHELLS;4900.0;1
83800;;;AMETHYSTS;SEASHELLS;10005.0;1
84100;;;STARFRUIT;SEASHELLS;4896.0;1
84100;;;AMETHYSTS;SEASHELLS;10002.0;1
84200;;;STARFRUIT;SEASHELLS;4892.0;2
84500;;;STARFRUIT;SEASHELLS;4891.0;1
84500;;;AMETHYSTS;SEASHELLS;9996.0;1
84800;;;STARFRUIT;SEASHELLS;4896.0;1
84800;;;AMETHYSTS;SEASHELLS;10002.0;1
85200;;;STARFRUIT;SEASHELLS;4896.0;1
85200;;;AMETHYSTS;SEASHELLS;10002.0;1
85400;;;STARFRUIT;SEASHELLS;4896.0;1
85500;;;AMETHYSTS;SEASHELLS;9998.0;7
85600;;;AMETHYSTS;SEASHELLS;9996.0;2
85700;;;STARFRUIT;SEASHELLS;4891.0;3
85800;;;STARFRUIT;SEASHELLS;4892.0;1
85800;;;AMETHYSTS;SEASHELLS;10002.0;1
85900;;;AMETHYSTS;SEASHELLS;9996.0;1
86200;;;AMETHYSTS;SEASHELLS;9998.0;2
86600;;;STARFRUIT;SEASHELLS;4896.0;1
86900;;;STARFRUIT;SEASHELLS;4895.0;1
87100;;;AMETHYSTS;SEASHELLS;9998.0;1
87100;;;STARFRUIT;SEASHELLS;4895.0;4
87100;;;STARFRUIT;SEASHELLS;4895.0;6
87500;;;STARFRUIT;SEASHELLS;4895.0;1
87900;;;STARFRUIT;SEASHELLS;4895.0;1
88500;;;AMETHYSTS;SEASHELLS;10002.0;1
88600;;;STARFRUIT;SEASHELLS;4895.0;8
88600;;;AMETHYSTS;SEASHELLS;10002.0;1
88700;;;AMETHYSTS;SEASHELLS;9995.0;8
88900;;;AMETHYSTS;SEASHELLS;10002.0;1
88900;;;AMETHYSTS;SEASHELLS;10002.0;4
89100;;;STARFRUIT;SEASHELLS;4895.0;2
89100;;;AMETHYSTS;SEASHELLS;10005.0;2
89300;;;AMETHYSTS;SEASHELLS;9996.0;2
89300;;;STARFRUIT;SEASHELLS;4888.0;2
89500;;;STARFRUIT;SEASHELLS;4893.0;1
89800;;;AMETHYSTS;SEASHELLS;9998.0;1
89800;;;AMETHYSTS;SEASHELLS;10004.0;1
89800;;;STARFRUIT;SEASHELLS;4893.0;1
89800;;;AMETHYSTS;SEASHELLS;10005.0;2
90200;;;AMETHYSTS;SEASHELLS;9998.0;2
90200;;;AMETHYSTS;SEASHELLS;9998.0;1
90400;;;AMETHYSTS;SEASHELLS;9996.0;1
91200;;;STARFRUIT;SEASHELLS;4893.0;1
91200;;;AMETHYSTS;SEASHELLS;10002.0;1
91300;;;AMETHYSTS;SEASHELLS;9998.0;2
91300;;;AMETHYSTS;SEASHELLS;9998.0;1
91300;;;AMETHYSTS;SEASHELLS;9998.0;7
91300;;;AMETHYSTS;SEASHELLS;9998.0;0
91600;;;AMETHYSTS;SEASHELLS;9998.0;1
91600;;;STARFRUIT;SEASHELLS;4889.0;1
91800;;;STARFRUIT;SEASHELLS;4890.0;2
91800;;;AMETHYSTS;SEASHELLS;9998.0;3
91900;;;AMETHYSTS;SEASHELLS;9998.0;1
92400;;;STARFRUIT;SEASHELLS;4895.0;17
92400;;;STARFRUIT;SEASHELLS;4894.0;1
93200;;;STARFRUIT;SEASHELLS;4895.0;2
93200;;;AMETHYSTS;SEASHELLS;10004.0;10
93200;;;AMETHYSTS;SEASHELLS;10005.0;2
93200;;;AMETHYSTS;SEASHELLS;10002.0;3
93200;;;AMETHYSTS;SEASHELLS;10004.0;2
93300;;;AMETHYSTS;SEASHELLS;10002.0;1
93700;;;STARFRUIT;SEASHELLS;4894.0;1
94000;;;STARFRUIT;SEASHELLS;4894.0;1
94400;;;AMETHYSTS;SEASHELLS;9998.0;1
95500;;;AMETHYSTS;SEASHELLS;9998.0;1
95700;;;AMETHYSTS;SEASHELLS;9998.0;1
95800;;;STARFRUIT;SEASHELLS;4891.0;2
95800;;;AMETHYSTS;SEASHELLS;9998.0;1
95800;;;AMETHYSTS;SEASHELLS;9996.0;2
96100;;;STARFRUIT;SEASHELLS;4892.0;4
96600;;;STARFRUIT;SEASHELLS;4891.0;1
96600;;;AMETHYSTS;SEASHELLS;10002.0;1
96900;;;STARFRUIT;SEASHELLS;4897.0;1
97100;;;STARFRUIT;SEASHELLS;4898.0;1
97100;;;AMETHYSTS;SEASHELLS;10004.0;1
97200;;;STARFRUIT;SEASHELLS;4892.0;17
97800;;;STARFRUIT;SEASHELLS;4899.0;1
97800;;;AMETHYSTS;SEASHELLS;10005.0;1
98500;;;STARFRUIT;SEASHELLS;4892.0;2
98700;;;AMETHYSTS;SEASHELLS;10004.0;2
98700;;;STARFRUIT;SEASHELLS;4897.0;2
98800;;;STARFRUIT;SEASHELLS;4893.0;2
98800;;;AMETHYSTS;SEASHELLS;9996.0;1
98800;;;AMETHYSTS;SEASHELLS;9998.0;1
98800;;;AMETHYSTS;SEASHELLS;9996.0;1
98900;;;STARFRUIT;SEASHELLS;4890.0;7
99800;;;AMETHYSTS;SEASHELLS;9998.0;1
99800;;;STARFRUIT;SEASHELLS;4890.0;1
99800;;;STARFRUIT;SEASHELLS;4891.0;8
99800;;;STARFRUIT;SEASHELLS;4891.0;3
100400;;;STARFRUIT;SEASHELLS;4893.0;1
100400;;;AMETHYSTS;SEASHELLS;9998.0;1
100600;;;STARFRUIT;SEASHELLS;4897.0;1
100600;;;AMETHYSTS;SEASHELLS;9998.0;1
100900;;;AMETHYSTS;SEASHELLS;10002.0;1
101000;;;STARFRUIT;SEASHELLS;4894.0;9
101000;;;STARFRUIT;SEASHELLS;4894.0;6
101100;;;STARFRUIT;SEASHELLS;4899.0;1
101700;;;STARFRUIT;SEASHELLS;4896.0;1
101700;;;STARFRUIT;SEASHELLS;4895.0;1
101700;;;AMETHYSTS;SEASHELLS;10002.0;1
102300;;;AMETHYSTS;SEASHELLS;10005.0;1
102300;;;STARFRUIT;SEASHELLS;4895.0;1
102300;;;STARFRUIT;SEASHELLS;4901.0;1
102600;;;AMETHYSTS;SEASHELLS;9998.0;1
102900;;;STARFRUIT;SEASHELLS;4901.0;1
103700;;;AMETHYSTS;SEASHELLS;9998.0;1
103900;;;AMETHYSTS;SEASHELLS;9998.0;1
104000;;;AMETHYSTS;SEASHELLS;9998.0;2
104300;;;STARFRUIT;SEASHELLS;4896.0;3
104500;;;STARFRUIT;SEASHELLS;4897.0;5
104800;;;AMETHYSTS;SEASHELLS;9998.0;2
105000;;;AMETHYSTS;SEASHELLS;9995.0;5
105500;;;STARFRUIT;SEASHELLS;4898.0;1
105700;;;AMETHYSTS;SEASHELLS;9998.0;3
106100;;;STARFRUIT;SEASHELLS;4902.0;8
106100;;;AMETHYSTS;SEASHELLS;10002.0;1
106400;;;STARFRUIT;SEASHELLS;4898.0;1
106500;;;STARFRUIT;SEASHELLS;4904.0;1
106500;;;AMETHYSTS;SEASHELLS;10005.0;1
106800;;;AMETHYSTS;SEASHELLS;9998.0;1
106800;;;STARFRUIT;SEASHELLS;4899.0;1
107000;;;STARFRUIT;SEASHELLS;4898.0;1
107300;;;STARFRUIT;SEASHELLS;4903.0;5
107400;;;STARFRUIT;SEASHELLS;4906.0;10
107800;;;STARFRUIT;SEASHELLS;4898.0;1
107800;;;AMETHYSTS;SEASHELLS;9996.0;1
107900;;;STARFRUIT;SEASHELLS;4904.0;1
108300;;;AMETHYSTS;SEASHELLS;9998.0;1
108300;;;STARFRUIT;SEASHELLS;4899.0;1
108300;;;STARFRUIT;SEASHELLS;4900.0;6
108400;;;STARFRUIT;SEASHELLS;4900.0;9
108600;;;STARFRUIT;SEASHELLS;4900.0;1
108600;;;AMETHYSTS;SEASHELLS;9998.0;4
108600;;;AMETHYSTS;SEASHELLS;9998.0;1
108800;;;STARFRUIT;SEASHELLS;4904.0;1
108800;;;AMETHYSTS;SEASHELLS;10004.0;2
108800;;;STARFRUIT;SEASHELLS;4905.0;2
108900;;;AMETHYSTS;SEASHELLS;9996.0;1
108900;;;AMETHYSTS;SEASHELLS;9996.0;5
109200;;;STARFRUIT;SEASHELLS;4903.0;3
109400;;;STARFRUIT;SEASHELLS;4898.0;1
109500;;;STARFRUIT;SEASHELLS;4903.0;10
109600;;;STARFRUIT;SEASHELLS;4898.0;1
109700;;;STARFRUIT;SEASHELLS;4905.0;1
109700;;;AMETHYSTS;SEASHELLS;10004.0;1
110200;;;STARFRUIT;SEASHELLS;4899.0;1
110600;;;AMETHYSTS;SEASHELLS;9998.0;1
110700;;;AMETHYSTS;SEASHELLS;10002.0;1
111100;;;STARFRUIT;SEASHELLS;4901.0;1
111300;;;STARFRUIT;SEASHELLS;4900.0;1
111800;;;AMETHYSTS;SEASHELLS;10004.0;1
111800;;;STARFRUIT;SEASHELLS;4907.0;1
112300;;;STARFRUIT;SEASHELLS;4900.0;1
112500;;;STARFRUIT;SEASHELLS;4900.0;3
113500;;;STARFRUIT;SEASHELLS;4905.0;1
113900;;;AMETHYSTS;SEASHELLS;10002.0;1
114300;;;AMETHYSTS;SEASHELLS;10004.0;1
114300;;;STARFRUIT;SEASHELLS;4902.0;8
114300;;;STARFRUIT;SEASHELLS;4904.0;1
114500;;;AMETHYSTS;SEASHELLS;9996.0;2
114500;;;AMETHYSTS;SEASHELLS;9996.0;9
114500;;;STARFRUIT;SEASHELLS;4898.0;1
114700;;;STARFRUIT;SEASHELLS;4902.0;4
115000;;;STARFRUIT;SEASHELLS;4902.0;5
115100;;;STARFRUIT;SEASHELLS;4898.0;1
116100;;;STARFRUIT;SEASHELLS;4904.0;1
116100;;;AMETHYSTS;SEASHELLS;10005.0;1
116300;;;AMETHYSTS;SEASHELLS;9996.0;2
116400;;;AMETHYSTS;SEASHELLS;9998.0;1
116400;;;STARFRUIT;SEASHELLS;4901.0;2
116600;;;STARFRUIT;SEASHELLS;4897.0;1
116800;;;AMETHYSTS;SEASHELLS;9995.0;2
116800;;;STARFRUIT;SEASHELLS;4897.0;7
116800;;;STARFRUIT;SEASHELLS;4897.0;2
116800;;;STARFRUIT;SEASHELLS;4898.0;2
117100;;;STARFRUIT;SEASHELLS;4903.0;1
117300;;;STARFRUIT;SEASHELLS;4903.0;1
117400;;;STARFRUIT;SEASHELLS;4903.0;1
117500;;;AMETHYSTS;SEASHELLS;10002.0;2
117600;;;STARFRUIT;SEASHELLS;4899.0;4
117600;;;STARFRUIT;SEASHELLS;4899.0;1
117600;;;STARFRUIT;SEASHELLS;4899.0;14
117900;;;AMETHYSTS;SEASHELLS;9998.0;1
118100;;;STARFRUIT;SEASHELLS;4905.0;2
118100;;;AMETHYSTS;SEASHELLS;10005.0;2
118200;;;AMETHYSTS;SEASHELLS;10002.0;2
118200;;;STARFRUIT;SEASHELLS;4903.0;2
118300;;;STARFRUIT;SEASHELLS;4899.0;1
118300;;;AMETHYSTS;SEASHELLS;10002.0;3
118600;;;STARFRUIT;SEASHELLS;4899.0;2
118600;;;STARFRUIT;SEASHELLS;4899.0;7
119000;;;AMETHYSTS;SEASHELLS;9998.0;1
119000;;;AMETHYSTS;SEASHELLS;9996.0;1
119000;;;AMETHYSTS;SEASHELLS;9996.0;4
119100;;;AMETHYSTS;SEASHELLS;10002.0;1
119200;;;STARFRUIT;SEASHELLS;4900.0;7
119200;;;STARFRUIT;SEASHELLS;4899.0;2
119200;;;AMETHYSTS;SEASHELLS;9996.0;1
119200;;;STARFRUIT;SEASHELLS;4900.0;1
119200;;;STARFRUIT;SEASHELLS;4906.0;12
119200;;;AMETHYSTS;SEASHELLS;9996.0;1
119900;;;STARFRUIT;SEASHELLS;4907.0;1
120000;;;STARFRUIT;SEASHELLS;4907.0;7
120200;;;AMETHYSTS;SEASHELLS;10002.0;1
120900;;;AMETHYSTS;SEASHELLS;10002.0;2
121000;;;STARFRUIT;SEASHELLS;4907.0;1
121000;;;AMETHYSTS;SEASHELLS;10004.0;1
121300;;;AMETHYSTS;SEASHELLS;10004.0;1
121600;;;STARFRUIT;SEASHELLS;4907.0;2
121600;;;AMETHYSTS;SEASHELLS;10002.0;2
121600;;;STARFRUIT;SEASHELLS;4907.0;1
121700;;;STARFRUIT;SEASHELLS;4907.0;1
121800;;;AMETHYSTS;SEASHELLS;9995.0;1
121800;;;STARFRUIT;SEASHELLS;4901.0;1
122000;;;STARFRUIT;SEASHELLS;4907.0;1
122200;;;STARFRUIT;SEASHELLS;4904.0;1
122200;;;AMETHYSTS;SEASHELLS;9996.0;1
122200;;;STARFRUIT;SEASHELLS;4902.0;1
122500;;;AMETHYSTS;SEASHELLS;10004.0;2
122500;;;STARFRUIT;SEASHELLS;4906.0;2
122500;;;AMETHYSTS;SEASHELLS;10002.0;2
122500;;;AMETHYSTS;SEASHELLS;10002.0;6
122600;;;AMETHYSTS;SEASHELLS;9998.0;4
122700;;;AMETHYSTS;SEASHELLS;10002.0;5
122800;;;STARFRUIT;SEASHELLS;4903.0;1
123100;;;AMETHYSTS;SEASHELLS;10002.0;1
123200;;;STARFRUIT;SEASHELLS;4902.0;1
123500;;;AMETHYSTS;SEASHELLS;9998.0;2
123500;;;STARFRUIT;SEASHELLS;4903.0;1
123700;;;AMETHYSTS;SEASHELLS;9996.0;1
123700;;;STARFRUIT;SEASHELLS;4904.0;1
123900;;;STARFRUIT;SEASHELLS;4909.0;7
123900;;;STARFRUIT;SEASHELLS;4904.0;1
123900;;;AMETHYSTS;SEASHELLS;9998.0;1
124000;;;AMETHYSTS;SEASHELLS;10002.0;1
124200;;;STARFRUIT;SEASHELLS;4910.0;14
124200;;;AMETHYSTS;SEASHELLS;9998.0;5
125200;;;STARFRUIT;SEASHELLS;4908.0;1
125400;;;AMETHYSTS;SEASHELLS;10004.0;1
125400;;;STARFRUIT;SEASHELLS;4909.0;1
125600;;;STARFRUIT;SEASHELLS;4908.0;1
125900;;;AMETHYSTS;SEASHELLS;9998.0;1
125900;;;STARFRUIT;SEASHELLS;4908.0;1
126200;;;STARFRUIT;SEASHELLS;4905.0;1
126400;;;AMETHYSTS;SEASHELLS;9998.0;2
126400;;;STARFRUIT;SEASHELLS;4911.0;1
126600;;;STARFRUIT;SEASHELLS;4905.0;1
126700;;;AMETHYSTS;SEASHELLS;9998.0;1
126700;;;AMETHYSTS;SEASHELLS;9998.0;1
126900;;;STARFRUIT;SEASHELLS;4910.0;1
126900;;;AMETHYSTS;SEASHELLS;10002.0;1
127000;;;AMETHYSTS;SEASHELLS;10002.0;1
127000;;;AMETHYSTS;SEASHELLS;10002.0;2
127100;;;AMETHYSTS;SEASHELLS;9998.0;1
127500;;;STARFRUIT;SEASHELLS;4909.0;2
127500;;;AMETHYSTS;SEASHELLS;10002.0;1
127500;;;AMETHYSTS;SEASHELLS;10002.0;2
127900;;;STARFRUIT;SEASHELLS;4910.0;6
128000;;;STARFRUIT;SEASHELLS;4905.0;4
128000;;;AMETHYSTS;SEASHELLS;10002.0;2
128100;;;STARFRUIT;SEASHELLS;4910.0;11
128400;;;STARFRUIT;SEASHELLS;4903.0;2
128400;;;AMETHYSTS;SEASHELLS;10002.0;1
129000;;;STARFRUIT;SEASHELLS;4902.0;1
129100;;;STARFRUIT;SEASHELLS;4908.0;7
129200;;;STARFRUIT;SEASHELLS;4902.0;1
129400;;;AMETHYSTS;SEASHELLS;9998.0;1
129500;;;AMETHYSTS;SEASHELLS;9998.0;1
129800;;;AMETHYSTS;SEASHELLS;10005.0;2
129800;;;STARFRUIT;SEASHELLS;4909.0;2
130100;;;STARFRUIT;SEASHELLS;4906.0;1
130300;;;AMETHYSTS;SEASHELLS;10005.0;2
130400;;;STARFRUIT;SEASHELLS;4907.0;1
130400;;;AMETHYSTS;SEASHELLS;10004.0;1
131200;;;STARFRUIT;SEASHELLS;4901.0;1
131500;;;STARFRUIT;SEASHELLS;4900.0;2
131500;;;AMETHYSTS;SEASHELLS;9996.0;1
131700;;;STARFRUIT;SEASHELLS;4900.0;4
131800;;;STARFRUIT;SEASHELLS;4900.0;2
131900;;;STARFRUIT;SEASHELLS;4899.0;2
131900;;;AMETHYSTS;SEASHELLS;9996.0;1
131900;;;AMETHYSTS;SEASHELLS;9996.0;1
132100;;;AMETHYSTS;SEASHELLS;10002.0;1
132200;;;AMETHYSTS;SEASHELLS;10004.0;1
132200;;;STARFRUIT;SEASHELLS;4905.0;1
132300;;;AMETHYSTS;SEASHELLS;9995.0;1
132300;;;AMETHYSTS;SEASHELLS;9998.0;2
132300;;;STARFRUIT;SEASHELLS;4899.0;1
132300;;;AMETHYSTS;SEASHELLS;9998.0;1
132600;;;AMETHYSTS;SEASHELLS;9998.0;1
132600;;;STARFRUIT;SEASHELLS;4900.0;1
132800;;;STARFRUIT;SEASHELLS;4904.0;1
133000;;;AMETHYSTS;SEASHELLS;9998.0;2
133200;;;STARFRUIT;SEASHELLS;4907.0;1
133500;;;AMETHYSTS;SEASHELLS;9998.0;3
133500;;;AMETHYSTS;SEASHELLS;10005.0;8
134000;;;STARFRUIT;SEASHELLS;4903.0;1
134400;;;STARFRUIT;SEASHELLS;4908.0;20
134500;;;STARFRUIT;SEASHELLS;4906.0;3
134500;;;STARFRUIT;SEASHELLS;4907.0;1
134500;;;STARFRUIT;SEASHELLS;4906.0;8
134700;;;AMETHYSTS;SEASHELLS;9998.0;1
134800;;;STARFRUIT;SEASHELLS;4903.0;5
135800;;;STARFRUIT;SEASHELLS;4902.0;1
135800;;;STARFRUIT;SEASHELLS;4902.0;1
136200;;;STARFRUIT;SEASHELLS;4906.0;2
136500;;;STARFRUIT;SEASHELLS;4902.0;1
137000;;;AMETHYSTS;SEASHELLS;10002.0;1
137100;;;STARFRUIT;SEASHELLS;4902.0;1
137400;;;STARFRUIT;SEASHELLS;4901.0;1
137400;;;AMETHYSTS;SEASHELLS;9995.0;1
137700;;;STARFRUIT;SEASHELLS;4901.0;2
137700;;;AMETHYSTS;SEASHELLS;9996.0;2
137800;;;STARFRUIT;SEASHELLS;4900.0;2
137800;;;AMETHYSTS;SEASHELLS;9996.0;2
138100;;;STARFRUIT;SEASHELLS;4901.0;8
138200;;;AMETHYSTS;SEASHELLS;9998.0;1
138200;;;STARFRUIT;SEASHELLS;4905.0;1
138600;;;STARFRUIT;SEASHELLS;4902.0;1
138600;;;AMETHYSTS;SEASHELLS;10004.0;1
138600;;;STARFRUIT;SEASHELLS;4904.0;1
138700;;;STARFRUIT;SEASHELLS;4903.0;1
139300;;;STARFRUIT;SEASHELLS;4904.0;1
139400;;;AMETHYSTS;SEASHELLS;9996.0;1
139400;;;STARFRUIT;SEASHELLS;4904.0;1
140500;;;AMETHYSTS;SEASHELLS;9998.0;1
140600;;;STARFRUIT;SEASHELLS;4900.0;1
141400;;;AMETHYSTS;SEASHELLS;9995.0;10
141500;;;STARFRUIT;SEASHELLS;4900.0;1
141600;;;AMETHYSTS;SEASHELLS;10002.0;1
141600;;;AMETHYSTS;SEASHELLS;10002.0;2
142100;;;STARFRUIT;SEASHELLS;4907.0;1
142200;;;STARFRUIT;SEASHELLS;4902.0;1
142500;;;AMETHYSTS;SEASHELLS;9998.0;1
143300;;;AMETHYSTS;SEASHELLS;9998.0;1
143800;;;STARFRUIT;SEASHELLS;4902.0;1
143900;;;STARFRUIT;SEASHELLS;4905.0;1
143900;;;AMETHYSTS;SEASHELLS;9998.0;1
144100;;;STARFRUIT;SEASHELLS;4906.0;1
144400;;;STARFRUIT;SEASHELLS;4900.0;1
144500;;;AMETHYSTS;SEASHELLS;10004.0;10
144500;;;AMETHYSTS;SEASHELLS;10004.0;2
144600;;;STARFRUIT;SEASHELLS;4901.0;2
144600;;;AMETHYSTS;SEASHELLS;9998.0;2
144800;;;AMETHYSTS;SEASHELLS;10002.0;1
145100;;;STARFRUIT;SEASHELLS;4907.0;1
145100;;;AMETHYSTS;SEASHELLS;9998.0;6
145100;;;AMETHYSTS;SEASHELLS;10005.0;1
145200;;;STARFRUIT;SEASHELLS;4901.0;1
145400;;;STARFRUIT;SEASHELLS;4907.0;1
145400;;;STARFRUIT;SEASHELLS;4907.0;1
145600;;;AMETHYSTS;SEASHELLS;10002.0;1
145600;;;STARFRUIT;SEASHELLS;4905.0;1
145600;;;STARFRUIT;SEASHELLS;4906.0;1
145900;;;STARFRUIT;SEASHELLS;4900.0;2
145900;;;AMETHYSTS;SEASHELLS;10002.0;2
146400;;;STARFRUIT;SEASHELLS;4901.0;1
146400;;;AMETHYSTS;SEASHELLS;9998.0;1
147000;;;AMETHYSTS;SEASHELLS;10004.0;1
147000;;;STARFRUIT;SEASHELLS;4908.0;2
147000;;;STARFRUIT;SEASHELLS;4903.0;1
147000;;;AMETHYSTS;SEASHELLS;10002.0;1
147000;;;AMETHYSTS;SEASHELLS;10004.0;1
147200;;;STARFRUIT;SEASHELLS;4907.0;1
147400;;;STARFRUIT;SEASHELLS;4904.0;1
147500;;;STARFRUIT;SEASHELLS;4910.0;1
148200;;;AMETHYSTS;SEASHELLS;9998.0;2
148200;;;STARFRUIT;SEASHELLS;4911.0;2
148200;;;AMETHYSTS;SEASHELLS;9998.0;2
148200;;;STARFRUIT;SEASHELLS;4910.0;1
148200;;;AMETHYSTS;SEASHELLS;9998.0;1
148300;;;STARFRUIT;SEASHELLS;4910.0;1
148300;;;STARFRUIT;SEASHELLS;4907.0;4
148700;;;AMETHYSTS;SEASHELLS;9995.0;2
148700;;;STARFRUIT;SEASHELLS;4910.0;1
148700;;;AMETHYSTS;SEASHELLS;10005.0;5
149000;;;STARFRUIT;SEASHELLS;4909.0;3
149000;;;AMETHYSTS;SEASHELLS;10002.0;1
149000;;;STARFRUIT;SEASHELLS;4909.0;3
149000;;;STARFRUIT;SEASHELLS;4905.0;1
149100;;;STARFRUIT;SEASHELLS;4904.0;1
149500;;;STARFRUIT;SEASHELLS;4904.0;1
150300;;;AMETHYSTS;SEASHELLS;10002.0;1
150600;;;STARFRUIT;SEASHELLS;4903.0;6
150600;;;AMETHYSTS;SEASHELLS;10002.0;1
150800;;;STARFRUIT;SEASHELLS;4904.0;3
151100;;;AMETHYSTS;SEASHELLS;10002.0;5
151200;;;AMETHYSTS;SEASHELLS;10004.0;2
151500;;;AMETHYSTS;SEASHELLS;10004.0;1
151500;;;STARFRUIT;SEASHELLS;4908.0;1
151600;;;AMETHYSTS;SEASHELLS;9995.0;1
151600;;;AMETHYSTS;SEASHELLS;9996.0;1
151600;;;STARFRUIT;SEASHELLS;4902.0;1
151700;;;STARFRUIT;SEASHELLS;4901.0;1
151800;;;STARFRUIT;SEASHELLS;4901.0;19
152100;;;AMETHYSTS;SEASHELLS;10002.0;1
152100;;;STARFRUIT;SEASHELLS;4906.0;1
152400;;;AMETHYSTS;SEASHELLS;9998.0;1
152600;;;AMETHYSTS;SEASHELLS;9998.0;1
152700;;;AMETHYSTS;SEASHELLS;9996.0;1
152800;;;STARFRUIT;SEASHELLS;4905.0;1
153000;;;STARFRUIT;SEASHELLS;4901.0;2
153000;;;AMETHYSTS;SEASHELLS;9998.0;1
153200;;;AMETHYSTS;SEASHELLS;10002.0;2
153300;;;AMETHYSTS;SEASHELLS;9998.0;1
153500;;;STARFRUIT;SEASHELLS;4899.0;1
153600;;;STARFRUIT;SEASHELLS;4899.0;1
154000;;;STARFRUIT;SEASHELLS;4905.0;1
154200;;;STARFRUIT;SEASHELLS;4899.0;2
154200;;;AMETHYSTS;SEASHELLS;9996.0;1
154200;;;AMETHYSTS;SEASHELLS;9996.0;1
154300;;;STARFRUIT;SEASHELLS;4901.0;2
154900;;;STARFRUIT;SEASHELLS;4905.0;2
155200;;;AMETHYSTS;SEASHELLS;10004.0;1
155200;;;STARFRUIT;SEASHELLS;4902.0;1
155200;;;STARFRUIT;SEASHELLS;4908.0;1
155300;;;AMETHYSTS;SEASHELLS;9998.0;3
155700;;;STARFRUIT;SEASHELLS;4906.0;13
156100;;;AMETHYSTS;SEASHELLS;10002.0;1
156400;;;AMETHYSTS;SEASHELLS;9998.0;1
156400;;;AMETHYSTS;SEASHELLS;9998.0;2
156500;;;STARFRUIT;SEASHELLS;4900.0;9
156700;;;STARFRUIT;SEASHELLS;4906.0;20
156800;;;AMETHYSTS;SEASHELLS;9998.0;1
156800;;;AMETHYSTS;SEASHELLS;9998.0;1
156800;;;STARFRUIT;SEASHELLS;4900.0;1
156800;;;STARFRUIT;SEASHELLS;4900.0;1
156900;;;STARFRUIT;SEASHELLS;4906.0;1
156900;;;AMETHYSTS;SEASHELLS;9998.0;1
156900;;;STARFRUIT;SEASHELLS;4906.0;5
157100;;;AMETHYSTS;SEASHELLS;10002.0;1
157200;;;STARFRUIT;SEASHELLS;4898.0;12
157400;;;AMETHYSTS;SEASHELLS;9996.0;1
157400;;;STARFRUIT;SEASHELLS;4898.0;1
157400;;;STARFRUIT;SEASHELLS;4899.0;3
157500;;;STARFRUIT;SEASHELLS;4899.0;5
157800;;;AMETHYSTS;SEASHELLS;10002.0;1
158200;;;STARFRUIT;SEASHELLS;4897.0;11
158300;;;AMETHYSTS;SEASHELLS;9998.0;1
158400;;;STARFRUIT;SEASHELLS;4902.0;1
158400;;;AMETHYSTS;SEASHELLS;10004.0;1
158700;;;STARFRUIT;SEASHELLS;4901.0;1
158700;;;AMETHYSTS;SEASHELLS;9998.0;1
159200;;;STARFRUIT;SEASHELLS;4895.0;1
159300;;;STARFRUIT;SEASHELLS;4895.0;1
159400;;;STARFRUIT;SEASHELLS;4895.0;1
159400;;;AMETHYSTS;SEASHELLS;9998.0;1
159400;;;STARFRUIT;SEASHELLS;4895.0;5
159400;;;STARFRUIT;SEASHELLS;4900.0;1
159500;;;AMETHYSTS;SEASHELLS;9995.0;1
159500;;;STARFRUIT;SEASHELLS;4899.0;1
160000;;;AMETHYSTS;SEASHELLS;10005.0;12
161000;;;STARFRUIT;SEASHELLS;4897.0;2
161000;;;AMETHYSTS;SEASHELLS;9996.0;2
161500;;;STARFRUIT;SEASHELLS;4903.0;4
161500;;;STARFRUIT;SEASHELLS;4904.0;1
161600;;;AMETHYSTS;SEASHELLS;10002.0;1
162400;;;STARFRUIT;SEASHELLS;4900.0;5
163100;;;STARFRUIT;SEASHELLS;4899.0;1
163400;;;STARFRUIT;SEASHELLS;4904.0;1
163400;;;AMETHYSTS;SEASHELLS;10004.0;1
163400;;;AMETHYSTS;SEASHELLS;10004.0;1
163400;;;STARFRUIT;SEASHELLS;4904.0;1
163500;;;STARFRUIT;SEASHELLS;4898.0;12
163900;;;AMETHYSTS;SEASHELLS;10004.0;2
164600;;;AMETHYSTS;SEASHELLS;9998.0;1
164800;;;AMETHYSTS;SEASHELLS;10004.0;3
164800;;;AMETHYSTS;SEASHELLS;10004.0;1
164900;;;STARFRUIT;SEASHELLS;4904.0;1
164900;;;AMETHYSTS;SEASHELLS;10005.0;1
165300;;;STARFRUIT;SEASHELLS;4901.0;1
165700;;;STARFRUIT;SEASHELLS;4901.0;1
165800;;;AMETHYSTS;SEASHELLS;10004.0;1
165800;;;STARFRUIT;SEASHELLS;4896.0;1
165800;;;STARFRUIT;SEASHELLS;4902.0;2
165900;;;AMETHYSTS;SEASHELLS;9996.0;1
166200;;;AMETHYSTS;SEASHELLS;10002.0;1
166400;;;STARFRUIT;SEASHELLS;4896.0;4
166400;;;STARFRUIT;SEASHELLS;4896.0;3
166500;;;STARFRUIT;SEASHELLS;4896.0;1
167100;;;AMETHYSTS;SEASHELLS;9996.0;2
167100;;;STARFRUIT;SEASHELLS;4896.0;2
167100;;;STARFRUIT;SEASHELLS;4903.0;8
167400;;;STARFRUIT;SEASHELLS;4901.0;1
167500;;;STARFRUIT;SEASHELLS;4896.0;4
167800;;;STARFRUIT;SEASHELLS;4898.0;6
168200;;;AMETHYSTS;SEASHELLS;10005.0;2
168200;;;STARFRUIT;SEASHELLS;4902.0;2
168400;;;AMETHYSTS;SEASHELLS;10004.0;1
168400;;;AMETHYSTS;SEASHELLS;10004.0;9
168400;;;AMETHYSTS;SEASHELLS;9998.0;3
169000;;;AMETHYSTS;SEASHELLS;9998.0;1
169200;;;STARFRUIT;SEASHELLS;4895.0;2
169200;;;AMETHYSTS;SEASHELLS;9995.0;2
169900;;;AMETHYSTS;SEASHELLS;9998.0;2
170000;;;AMETHYSTS;SEASHELLS;9998.0;5
170100;;;STARFRUIT;SEASHELLS;4896.0;1
170200;;;AMETHYSTS;SEASHELLS;9998.0;1
170200;;;STARFRUIT;SEASHELLS;4897.0;3
170600;;;STARFRUIT;SEASHELLS;4899.0;3
171300;;;AMETHYSTS;SEASHELLS;9998.0;1
171300;;;STARFRUIT;SEASHELLS;4894.0;1
171600;;;STARFRUIT;SEASHELLS;4898.0;1
171600;;;AMETHYSTS;SEASHELLS;9998.0;1
171700;;;AMETHYSTS;SEASHELLS;10002.0;2
171800;;;AMETHYSTS;SEASHELLS;9995.0;1
171800;;;STARFRUIT;SEASHELLS;4898.0;1
172400;;;STARFRUIT;SEASHELLS;4898.0;1
172600;;;STARFRUIT;SEASHELLS;4899.0;1
172600;;;AMETHYSTS;SEASHELLS;10004.0;1
172800;;;STARFRUIT;SEASHELLS;4894.0;1
172900;;;AMETHYSTS;SEASHELLS;9998.0;2
173000;;;AMETHYSTS;SEASHELLS;9998.0;2
173000;;;STARFRUIT;SEASHELLS;4895.0;2
173100;;;STARFRUIT;SEASHELLS;4894.0;1
173300;;;STARFRUIT;SEASHELLS;4901.0;2
173300;;;AMETHYSTS;SEASHELLS;10004.0;1
173500;;;STARFRUIT;SEASHELLS;4894.0;1
173500;;;STARFRUIT;SEASHELLS;4894.0;14
174400;;;STARFRUIT;SEASHELLS;4894.0;2
174400;;;AMETHYSTS;SEASHELLS;10002.0;1
174600;;;AMETHYSTS;SEASHELLS;10002.0;1
174800;;;STARFRUIT;SEASHELLS;4895.0;1
175100;;;AMETHYSTS;SEASHELLS;10002.0;2
176300;;;AMETHYSTS;SEASHELLS;10005.0;3
176700;;;AMETHYSTS;SEASHELLS;9998.0;2
176700;;;STARFRUIT;SEASHELLS;4894.0;2
176700;;;AMETHYSTS;SEASHELLS;9998.0;2
176900;;;STARFRUIT;SEASHELLS;4893.0;7
177000;;;STARFRUIT;SEASHELLS;4893.0;1
177600;;;AMETHYSTS;SEASHELLS;10005.0;6
177600;;;STARFRUIT;SEASHELLS;4899.0;4
177900;;;STARFRUIT;SEASHELLS;4899.0;1
177900;;;AMETHYSTS;SEASHELLS;10004.0;1
178100;;;STARFRUIT;SEASHELLS;4898.0;1
178600;;;STARFRUIT;SEASHELLS;4899.0;7
178800;;;STARFRUIT;SEASHELLS;4895.0;1
179500;;;AMETHYSTS;SEASHELLS;10002.0;1
179600;;;STARFRUIT;SEASHELLS;4902.0;1
179800;;;STARFRUIT;SEASHELLS;4898.0;10
179900;;;STARFRUIT;SEASHELLS;4899.0;3
179900;;;AMETHYSTS;SEASHELLS;10002.0;4
180000;;;STARFRUIT;SEASHELLS;4899.0;3
180000;;;AMETHYSTS;SEASHELLS;9998.0;1
180200;;;STARFRUIT;SEASHELLS;4904.0;5
180300;;;STARFRUIT;SEASHELLS;4898.0;1
180400;;;STARFRUIT;SEASHELLS;4903.0;1
180600;;;AMETHYSTS;SEASHELLS;10002.0;1
180900;;;AMETHYSTS;SEASHELLS;10004.0;1
180900;;;AMETHYSTS;SEASHELLS;10004.0;1
180900;;;STARFRUIT;SEASHELLS;4905.0;2
181600;;;AMETHYSTS;SEASHELLS;10002.0;3
181800;;;STARFRUIT;SEASHELLS;4896.0;11
182200;;;STARFRUIT;SEASHELLS;4902.0;2
182200;;;STARFRUIT;SEASHELLS;4903.0;1
182500;;;STARFRUIT;SEASHELLS;4904.0;1
182500;;;AMETHYSTS;SEASHELLS;10002.0;1
182800;;;AMETHYSTS;SEASHELLS;10002.0;1
183300;;;STARFRUIT;SEASHELLS;4899.0;1
183400;;;AMETHYSTS;SEASHELLS;9998.0;10
183400;;;AMETHYSTS;SEASHELLS;9998.0;2
183600;;;AMETHYSTS;SEASHELLS;10002.0;1
183600;;;STARFRUIT;SEASHELLS;4900.0;5
183800;;;STARFRUIT;SEASHELLS;4899.0;1
184800;;;STARFRUIT;SEASHELLS;4899.0;1
184800;;;AMETHYSTS;SEASHELLS;9998.0;1
185000;;;STARFRUIT;SEASHELLS;4899.0;2
185000;;;AMETHYSTS;SEASHELLS;9996.0;1
185500;;;STARFRUIT;SEASHELLS;4899.0;2
185500;;;AMETHYSTS;SEASHELLS;9996.0;2
185800;;;STARFRUIT;SEASHELLS;4904.0;1
186200;;;AMETHYSTS;SEASHELLS;10002.0;5
186700;;;AMETHYSTS;SEASHELLS;9996.0;1
186700;;;AMETHYSTS;SEASHELLS;9996.0;11
187000;;;STARFRUIT;SEASHELLS;4900.0;1
187200;;;AMETHYSTS;SEASHELLS;9998.0;3
187300;;;AMETHYSTS;SEASHELLS;9995.0;1
187300;;;STARFRUIT;SEASHELLS;4900.0;1
187600;;;STARFRUIT;SEASHELLS;4899.0;1
187600;;;AMETHYSTS;SEASHELLS;10002.0;1
187900;;;AMETHYSTS;SEASHELLS;9998.0;4
187900;;;AMETHYSTS;SEASHELLS;10004.0;2
188200;;;AMETHYSTS;SEASHELLS;9998.0;1
188200;;;STARFRUIT;SEASHELLS;4899.0;1
188200;;;AMETHYSTS;SEASHELLS;9996.0;1
188300;;;STARFRUIT;SEASHELLS;4900.0;4
188500;;;STARFRUIT;SEASHELLS;4906.0;1
188500;;;AMETHYSTS;SEASHELLS;10005.0;1
188600;;;STARFRUIT;SEASHELLS;4906.0;16
189200;;;AMETHYSTS;SEASHELLS;9996.0;2
189600;;;AMETHYSTS;SEASHELLS;10002.0;2
189800;;;AMETHYSTS;SEASHELLS;9998.0;1
189900;;;STARFRUIT;SEASHELLS;4899.0;3
189900;;;STARFRUIT;SEASHELLS;4899.0;2
190000;;;AMETHYSTS;SEASHELLS;9998.0;1
190200;;;STARFRUIT;SEASHELLS;4897.0;1
190300;;;AMETHYSTS;SEASHELLS;9996.0;2
190600;;;STARFRUIT;SEASHELLS;4897.0;19
190900;;;STARFRUIT;SEASHELLS;4897.0;2
190900;;;AMETHYSTS;SEASHELLS;9995.0;2
191000;;;STARFRUIT;SEASHELLS;4897.0;3
192200;;;STARFRUIT;SEASHELLS;4904.0;1
193000;;;AMETHYSTS;SEASHELLS;9995.0;1
193000;;;STARFRUIT;SEASHELLS;4899.0;1
193100;;;STARFRUIT;SEASHELLS;4899.0;1
193200;;;STARFRUIT;SEASHELLS;4905.0;1
193600;;;STARFRUIT;SEASHELLS;4906.0;14
193700;;;AMETHYSTS;SEASHELLS;10005.0;11
193800;;;AMETHYSTS;SEASHELLS;9998.0;1
193900;;;AMETHYSTS;SEASHELLS;9996.0;2
194200;;;STARFRUIT;SEASHELLS;4899.0;1
194200;;;AMETHYSTS;SEASHELLS;10002.0;1
194300;;;STARFRUIT;SEASHELLS;4899.0;1
194800;;;STARFRUIT;SEASHELLS;4899.0;1
194800;;;AMETHYSTS;SEASHELLS;9995.0;1
195100;;;AMETHYSTS;SEASHELLS;9996.0;1
195600;;;STARFRUIT;SEASHELLS;4907.0;2
195600;;;AMETHYSTS;SEASHELLS;10004.0;2
195700;;;STARFRUIT;SEASHELLS;4902.0;5
196200;;;STARFRUIT;SEASHELLS;4901.0;4
196700;;;STARFRUIT;SEASHELLS;4906.0;1
197000;;;AMETHYSTS;SEASHELLS;9998.0;1
197100;;;AMETHYSTS;SEASHELLS;10002.0;1
197400;;;AMETHYSTS;SEASHELLS;9996.0;1
197500;;;AMETHYSTS;SEASHELLS;9998.0;5
197700;;;STARFRUIT;SEASHELLS;4903.0;1
197700;;;AMETHYSTS;SEASHELLS;9995.0;1
198400;;;AMETHYSTS;SEASHELLS;9998.0;1
198500;;;AMETHYSTS;SEASHELLS;10002.0;3
198900;;;STARFRUIT;SEASHELLS;4910.0;1
199300;;;STARFRUIT;SEASHELLS;4910.0;1
199400;;;AMETHYSTS;SEASHELLS;10002.0;3
199400;;;AMETHYSTS;SEASHELLS;10002.0;1
199500;;;STARFRUIT;SEASHELLS;4905.0;17
199700;;;AMETHYSTS;SEASHELLS;10002.0;1
199900;;;STARFRUIT;SEASHELLS;4906.0;3
200100;;;AMETHYSTS;SEASHELLS;10002.0;5
200300;;;STARFRUIT;SEASHELLS;4905.0;1
200300;;;STARFRUIT;SEASHELLS;4911.0;2
200300;;;AMETHYSTS;SEASHELLS;10004.0;2
200400;;;STARFRUIT;SEASHELLS;4911.0;1
200400;;;AMETHYSTS;SEASHELLS;10004.0;1
200800;;;AMETHYSTS;SEASHELLS;10002.0;1
200800;;;STARFRUIT;SEASHELLS;4909.0;3
200900;;;STARFRUIT;SEASHELLS;4904.0;1
201800;;;STARFRUIT;SEASHELLS;4909.0;1
201800;;;STARFRUIT;SEASHELLS;4909.0;8
201800;;;AMETHYSTS;SEASHELLS;9998.0;3
202000;;;AMETHYSTS;SEASHELLS;10002.0;3
202100;;;STARFRUIT;SEASHELLS;4904.0;1
202200;;;AMETHYSTS;SEASHELLS;10002.0;5
202600;;;AMETHYSTS;SEASHELLS;10002.0;4
202900;;;STARFRUIT;SEASHELLS;4910.0;4
203000;;;STARFRUIT;SEASHELLS;4908.0;1
203200;;;STARFRUIT;SEASHELLS;4906.0;2
203300;;;STARFRUIT;SEASHELLS;4902.0;10
203300;;;AMETHYSTS;SEASHELLS;9996.0;2
203700;;;STARFRUIT;SEASHELLS;4907.0;1
203900;;;STARFRUIT;SEASHELLS;4908.0;2
203900;;;AMETHYSTS;SEASHELLS;10004.0;1
204800;;;AMETHYSTS;SEASHELLS;10004.0;1
204800;;;AMETHYSTS;SEASHELLS;10004.0;7
205000;;;STARFRUIT;SEASHELLS;4905.0;2
205000;;;AMETHYSTS;SEASHELLS;10004.0;2
205000;;;STARFRUIT;SEASHELLS;4899.0;1
205400;;;STARFRUIT;SEASHELLS;4905.0;1
205700;;;STARFRUIT;SEASHELLS;4899.0;1
205800;;;AMETHYSTS;SEASHELLS;10002.0;1
206400;;;STARFRUIT;SEASHELLS;4898.0;2
206400;;;AMETHYSTS;SEASHELLS;9996.0;2
207000;;;STARFRUIT;SEASHELLS;4896.0;1
207000;;;AMETHYSTS;SEASHELLS;9998.0;1
207100;;;STARFRUIT;SEASHELLS;4897.0;10
207300;;;STARFRUIT;SEASHELLS;4902.0;1
207300;;;AMETHYSTS;SEASHELLS;10004.0;1
207500;;;AMETHYSTS;SEASHELLS;9996.0;2
207500;;;AMETHYSTS;SEASHELLS;9996.0;5
207800;;;STARFRUIT;SEASHELLS;4900.0;1
207900;;;STARFRUIT;SEASHELLS;4895.0;1
208000;;;STARFRUIT;SEASHELLS;4901.0;1
208000;;;AMETHYSTS;SEASHELLS;10004.0;1
208100;;;STARFRUIT;SEASHELLS;4901.0;1
208100;;;AMETHYSTS;SEASHELLS;9998.0;1
208300;;;STARFRUIT;SEASHELLS;4894.0;1
208700;;;STARFRUIT;SEASHELLS;4893.0;1
209000;;;STARFRUIT;SEASHELLS;4899.0;1
209700;;;AMETHYSTS;SEASHELLS;9996.0;2
209700;;;STARFRUIT;SEASHELLS;4895.0;1
209700;;;AMETHYSTS;SEASHELLS;9996.0;5
209900;;;AMETHYSTS;SEASHELLS;9998.0;1
209900;;;STARFRUIT;SEASHELLS;4897.0;3
210100;;;STARFRUIT;SEASHELLS;4895.0;1
210300;;;STARFRUIT;SEASHELLS;4895.0;1
210300;;;AMETHYSTS;SEASHELLS;10002.0;1
210300;;;STARFRUIT;SEASHELLS;4899.0;1
210400;;;STARFRUIT;SEASHELLS;4895.0;1
210500;;;STARFRUIT;SEASHELLS;4895.0;13
210600;;;AMETHYSTS;SEASHELLS;9995.0;1
210600;;;STARFRUIT;SEASHELLS;4895.0;1
210700;;;STARFRUIT;SEASHELLS;4896.0;1
210700;;;AMETHYSTS;SEASHELLS;9996.0;1
211100;;;AMETHYSTS;SEASHELLS;10002.0;1
211100;;;STARFRUIT;SEASHELLS;4900.0;1
211300;;;AMETHYSTS;SEASHELLS;9998.0;1
211400;;;AMETHYSTS;SEASHELLS;9996.0;2
211400;;;AMETHYSTS;SEASHELLS;9996.0;1
211800;;;STARFRUIT;SEASHELLS;4895.0;1
212300;;;AMETHYSTS;SEASHELLS;9998.0;1
212300;;;STARFRUIT;SEASHELLS;4896.0;1
212800;;;STARFRUIT;SEASHELLS;4897.0;1
213000;;;AMETHYSTS;SEASHELLS;9998.0;1
213800;;;STARFRUIT;SEASHELLS;4900.0;2
213900;;;AMETHYSTS;SEASHELLS;9998.0;3
213900;;;STARFRUIT;SEASHELLS;4894.0;1
214100;;;AMETHYSTS;SEASHELLS;9998.0;1
214100;;;AMETHYSTS;SEASHELLS;9998.0;1
214500;;;AMETHYSTS;SEASHELLS;9998.0;3
214500;;;AMETHYSTS;SEASHELLS;9998.0;1
214700;;;AMETHYSTS;SEASHELLS;9996.0;2
215000;;;STARFRUIT;SEASHELLS;4900.0;2
215100;;;STARFRUIT;SEASHELLS;4900.0;6
215100;;;STARFRUIT;SEASHELLS;4900.0;14
215100;;;AMETHYSTS;SEASHELLS;9998.0;1
215500;;;STARFRUIT;SEASHELLS;4900.0;4
215800;;;STARFRUIT;SEASHELLS;4896.0;1
216000;;;STARFRUIT;SEASHELLS;4896.0;1
216100;;;STARFRUIT;SEASHELLS;4902.0;1
216100;;;AMETHYSTS;SEASHELLS;10002.0;1
216600;;;AMETHYSTS;SEASHELLS;9998.0;1
216700;;;STARFRUIT;SEASHELLS;4900.0;2
216700;;;STARFRUIT;SEASHELLS;4903.0;5
217100;;;AMETHYSTS;SEASHELLS;9996.0;1
217100;;;STARFRUIT;SEASHELLS;4897.0;5
217500;;;STARFRUIT;SEASHELLS;4898.0;9
217500;;;AMETHYSTS;SEASHELLS;9996.0;1
217500;;;STARFRUIT;SEASHELLS;4897.0;1
217700;;;STARFRUIT;SEASHELLS;4901.0;1
217800;;;AMETHYSTS;SEASHELLS;9996.0;1
217900;;;STARFRUIT;SEASHELLS;4900.0;5
217900;;;STARFRUIT;SEASHELLS;4902.0;8
219400;;;AMETHYSTS;SEASHELLS;10004.0;1
219400;;;STARFRUIT;SEASHELLS;4899.0;1
219400;;;STARFRUIT;SEASHELLS;4901.0;1
219600;;;STARFRUIT;SEASHELLS;4899.0;1
220100;;;STARFRUIT;SEASHELLS;4900.0;12
221100;;;STARFRUIT;SEASHELLS;4898.0;1
221100;;;AMETHYSTS;SEASHELLS;10002.0;1
221200;;;AMETHYSTS;SEASHELLS;10002.0;1
221200;;;STARFRUIT;SEASHELLS;4894.0;1
222200;;;AMETHYSTS;SEASHELLS;9998.0;2
222800;;;STARFRUIT;SEASHELLS;4900.0;1
223000;;;STARFRUIT;SEASHELLS;4895.0;1
223100;;;AMETHYSTS;SEASHELLS;9998.0;2
223400;;;STARFRUIT;SEASHELLS;4902.0;7
223600;;;AMETHYSTS;SEASHELLS;10002.0;1
223700;;;STARFRUIT;SEASHELLS;4903.0;1
223700;;;AMETHYSTS;SEASHELLS;10005.0;1
223800;;;STARFRUIT;SEASHELLS;4897.0;1
223800;;;AMETHYSTS;SEASHELLS;10002.0;1
224500;;;AMETHYSTS;SEASHELLS;10002.0;1
224600;;;AMETHYSTS;SEASHELLS;10004.0;1
224600;;;STARFRUIT;SEASHELLS;4903.0;1
224600;;;AMETHYSTS;SEASHELLS;10005.0;1
225000;;;AMETHYSTS;SEASHELLS;9996.0;1
225600;;;STARFRUIT;SEASHELLS;4894.0;2
225700;;;AMETHYSTS;SEASHELLS;10002.0;1
225700;;;STARFRUIT;SEASHELLS;4895.0;1
226100;;;AMETHYSTS;SEASHELLS;9998.0;1
226100;;;AMETHYSTS;SEASHELLS;9998.0;4
226700;;;STARFRUIT;SEASHELLS;4899.0;13
226700;;;STARFRUIT;SEASHELLS;4893.0;2
226700;;;AMETHYSTS;SEASHELLS;9998.0;2
227300;;;AMETHYSTS;SEASHELLS;9998.0;1
227700;;;STARFRUIT;SEASHELLS;4895.0;6
227700;;;AMETHYSTS;SEASHELLS;9996.0;1
227700;;;STARFRUIT;SEASHELLS;4893.0;1
228400;;;STARFRUIT;SEASHELLS;4892.0;1
228800;;;STARFRUIT;SEASHELLS;4896.0;2
228900;;;STARFRUIT;SEASHELLS;4896.0;5
229400;;;AMETHYSTS;SEASHELLS;9998.0;1
229600;;;AMETHYSTS;SEASHELLS;10002.0;1
229700;;;STARFRUIT;SEASHELLS;4896.0;1
230000;;;STARFRUIT;SEASHELLS;4891.0;1
230100;;;STARFRUIT;SEASHELLS;4892.0;1
230300;;;AMETHYSTS;SEASHELLS;9996.0;1
230300;;;AMETHYSTS;SEASHELLS;9996.0;9
230400;;;AMETHYSTS;SEASHELLS;10002.0;1
230400;;;STARFRUIT;SEASHELLS;4897.0;1
230500;;;STARFRUIT;SEASHELLS;4893.0;1
230700;;;STARFRUIT;SEASHELLS;4900.0;6
230900;;;AMETHYSTS;SEASHELLS;10004.0;1
230900;;;STARFRUIT;SEASHELLS;4900.0;1
231300;;;AMETHYSTS;SEASHELLS;9998.0;1
231600;;;STARFRUIT;SEASHELLS;4894.0;1
231700;;;AMETHYSTS;SEASHELLS;10000.0;4
231700;;;STARFRUIT;SEASHELLS;4894.0;1
232100;;;AMETHYSTS;SEASHELLS;10002.0;1
232200;;;STARFRUIT;SEASHELLS;4900.0;12
232300;;;STARFRUIT;SEASHELLS;4898.0;1
232300;;;AMETHYSTS;SEASHELLS;10002.0;1
232600;;;STARFRUIT;SEASHELLS;4899.0;1
232600;;;AMETHYSTS;SEASHELLS;9998.0;1
232600;;;AMETHYSTS;SEASHELLS;9998.0;2
233000;;;STARFRUIT;SEASHELLS;4896.0;5
233900;;;STARFRUIT;SEASHELLS;4897.0;1
234100;;;STARFRUIT;SEASHELLS;4899.0;5
234200;;;STARFRUIT;SEASHELLS;4892.0;1
234300;;;AMETHYSTS;SEASHELLS;9995.0;1
234300;;;STARFRUIT;SEASHELLS;4892.0;1
234400;;;STARFRUIT;SEASHELLS;4898.0;2
234500;;;AMETHYSTS;SEASHELLS;9998.0;1
234700;;;AMETHYSTS;SEASHELLS;10004.0;1
234700;;;STARFRUIT;SEASHELLS;4899.0;2
234700;;;AMETHYSTS;SEASHELLS;10004.0;1
234800;;;AMETHYSTS;SEASHELLS;9998.0;1
235200;;;AMETHYSTS;SEASHELLS;9995.0;8
235400;;;STARFRUIT;SEASHELLS;4892.0;3
235400;;;STARFRUIT;SEASHELLS;4892.0;7
236200;;;AMETHYSTS;SEASHELLS;9998.0;1
236300;;;STARFRUIT;SEASHELLS;4892.0;15
236400;;;AMETHYSTS;SEASHELLS;9998.0;1
236800;;;AMETHYSTS;SEASHELLS;9998.0;1
237000;;;STARFRUIT;SEASHELLS;4897.0;1
237000;;;AMETHYSTS;SEASHELLS;9998.0;1
237000;;;AMETHYSTS;SEASHELLS;9998.0;3
237300;;;STARFRUIT;SEASHELLS;4890.0;1
237300;;;AMETHYSTS;SEASHELLS;9996.0;1
237400;;;STARFRUIT;SEASHELLS;4890.0;1
237400;;;AMETHYSTS;SEASHELLS;9998.0;1
237700;;;AMETHYSTS;SEASHELLS;9998.0;1
238000;;;STARFRUIT;SEASHELLS;4891.0;1
238300;;;AMETHYSTS;SEASHELLS;9998.0;5
238700;;;STARFRUIT;SEASHELLS;4891.0;1
238700;;;AMETHYSTS;SEASHELLS;10004.0;1
238700;;;AMETHYSTS;SEASHELLS;10002.0;1
238700;;;STARFRUIT;SEASHELLS;4897.0;1
239300;;;AMETHYSTS;SEASHELLS;10004.0;8
239300;;;AMETHYSTS;SEASHELLS;10004.0;1
239300;;;AMETHYSTS;SEASHELLS;10005.0;1
239300;;;STARFRUIT;SEASHELLS;4898.0;1
239900;;;STARFRUIT;SEASHELLS;4897.0;5
240100;;;AMETHYSTS;SEASHELLS;9998.0;3
240200;;;AMETHYSTS;SEASHELLS;10000.0;2
240200;;;AMETHYSTS;SEASHELLS;10002.0;5
240700;;;STARFRUIT;SEASHELLS;4899.0;1
241000;;;AMETHYSTS;SEASHELLS;9998.0;5
241200;;;AMETHYSTS;SEASHELLS;10004.0;6
241200;;;AMETHYSTS;SEASHELLS;10004.0;2
241400;;;AMETHYSTS;SEASHELLS;9998.0;1
242000;;;AMETHYSTS;SEASHELLS;9998.0;1
242400;;;AMETHYSTS;SEASHELLS;10004.0;1
243000;;;STARFRUIT;SEASHELLS;4894.0;1
243500;;;STARFRUIT;SEASHELLS;4893.0;7
243500;;;AMETHYSTS;SEASHELLS;10002.0;1
243600;;;AMETHYSTS;SEASHELLS;9998.0;1
243900;;;AMETHYSTS;SEASHELLS;9998.0;1
243900;;;STARFRUIT;SEASHELLS;4896.0;1
243900;;;STARFRUIT;SEASHELLS;4896.0;4
244100;;;STARFRUIT;SEASHELLS;4892.0;1
244100;;;AMETHYSTS;SEASHELLS;9996.0;1
244300;;;STARFRUIT;SEASHELLS;4891.0;1
244400;;;STARFRUIT;SEASHELLS;4892.0;10
244500;;;STARFRUIT;SEASHELLS;4892.0;1
245200;;;STARFRUIT;SEASHELLS;4892.0;1
245300;;;AMETHYSTS;SEASHELLS;10002.0;1
245700;;;STARFRUIT;SEASHELLS;4892.0;6
246000;;;STARFRUIT;SEASHELLS;4897.0;1
246200;;;STARFRUIT;SEASHELLS;4898.0;15
247000;;;AMETHYSTS;SEASHELLS;10002.0;5
247000;;;STARFRUIT;SEASHELLS;4890.0;1
247000;;;STARFRUIT;SEASHELLS;4890.0;12
247200;;;STARFRUIT;SEASHELLS;4895.0;1
247500;;;AMETHYSTS;SEASHELLS;9995.0;8
247600;;;AMETHYSTS;SEASHELLS;9995.0;7
247900;;;STARFRUIT;SEASHELLS;4888.0;4
248100;;;AMETHYSTS;SEASHELLS;9998.0;2
248100;;;STARFRUIT;SEASHELLS;4892.0;1
248200;;;STARFRUIT;SEASHELLS;4887.0;1
248400;;;STARFRUIT;SEASHELLS;4888.0;3
248400;;;AMETHYSTS;SEASHELLS;10005.0;2
248400;;;STARFRUIT;SEASHELLS;4888.0;2
248700;;;AMETHYSTS;SEASHELLS;10005.0;4
248800;;;STARFRUIT;SEASHELLS;4887.0;1
248900;;;STARFRUIT;SEASHELLS;4887.0;1
249100;;;AMETHYSTS;SEASHELLS;9998.0;1
249200;;;STARFRUIT;SEASHELLS;4889.0;3
249400;;;AMETHYSTS;SEASHELLS;9998.0;4
249400;;;STARFRUIT;SEASHELLS;4887.0;1
249500;;;AMETHYSTS;SEASHELLS;9998.0;1
249600;;;STARFRUIT;SEASHELLS;4888.0;1
249700;;;AMETHYSTS;SEASHELLS;10002.0;1
249700;;;AMETHYSTS;SEASHELLS;9996.0;1
250000;;;AMETHYSTS;SEASHELLS;10002.0;5
250200;;;AMETHYSTS;SEASHELLS;9995.0;9
250400;;;STARFRUIT;SEASHELLS;4887.0;2
250400;;;AMETHYSTS;SEASHELLS;9998.0;1
250400;;;STARFRUIT;SEASHELLS;4887.0;2
251400;;;STARFRUIT;SEASHELLS;4892.0;1
251700;;;STARFRUIT;SEASHELLS;4892.0;1
252000;;;STARFRUIT;SEASHELLS;4888.0;1
252000;;;AMETHYSTS;SEASHELLS;9998.0;1
252200;;;STARFRUIT;SEASHELLS;4893.0;1
252700;;;STARFRUIT;SEASHELLS;4893.0;1
252800;;;AMETHYSTS;SEASHELLS;10004.0;1
252800;;;STARFRUIT;SEASHELLS;4894.0;1
253100;;;STARFRUIT;SEASHELLS;4894.0;1
253100;;;AMETHYSTS;SEASHELLS;10004.0;1
253400;;;STARFRUIT;SEASHELLS;4888.0;1
253600;;;STARFRUIT;SEASHELLS;4893.0;1
253800;;;AMETHYSTS;SEASHELLS;10002.0;1
254000;;;STARFRUIT;SEASHELLS;4889.0;1
254100;;;STARFRUIT;SEASHELLS;4893.0;3
254200;;;AMETHYSTS;SEASHELLS;10004.0;1
254200;;;AMETHYSTS;SEASHELLS;10004.0;10
254800;;;AMETHYSTS;SEASHELLS;9996.0;2
254900;;;AMETHYSTS;SEASHELLS;9998.0;2
255100;;;STARFRUIT;SEASHELLS;4893.0;1
255100;;;AMETHYSTS;SEASHELLS;9998.0;1
255500;;;STARFRUIT;SEASHELLS;4895.0;1
255500;;;AMETHYSTS;SEASHELLS;10005.0;1
255500;;;STARFRUIT;SEASHELLS;4888.0;1
255800;;;AMETHYSTS;SEASHELLS;9998.0;5
255900;;;AMETHYSTS;SEASHELLS;9998.0;1
256000;;;STARFRUIT;SEASHELLS;4893.0;1
256100;;;AMETHYSTS;SEASHELLS;9998.0;4
256100;;;STARFRUIT;SEASHELLS;4888.0;1
256200;;;STARFRUIT;SEASHELLS;4893.0;1
256400;;;STARFRUIT;SEASHELLS;4888.0;1
256500;;;STARFRUIT;SEASHELLS;4892.0;1
257200;;;STARFRUIT;SEASHELLS;4891.0;1
257400;;;AMETHYSTS;SEASHELLS;9998.0;4
257500;;;AMETHYSTS;SEASHELLS;10002.0;1
257800;;;STARFRUIT;SEASHELLS;4895.0;9
257800;;;AMETHYSTS;SEASHELLS;9995.0;6
257900;;;STARFRUIT;SEASHELLS;4897.0;2
257900;;;AMETHYSTS;SEASHELLS;9998.0;1
258000;;;AMETHYSTS;SEASHELLS;9998.0;5
258500;;;AMETHYSTS;SEASHELLS;10002.0;2
258500;;;STARFRUIT;SEASHELLS;4897.0;2
258500;;;AMETHYSTS;SEASHELLS;10002.0;2
258600;;;STARFRUIT;SEASHELLS;4893.0;5
258800;;;STARFRUIT;SEASHELLS;4897.0;3
258800;;;STARFRUIT;SEASHELLS;4900.0;3
258900;;;AMETHYSTS;SEASHELLS;10002.0;1
258900;;;STARFRUIT;SEASHELLS;4893.0;1
259000;;;AMETHYSTS;SEASHELLS;10004.0;2
259000;;;STARFRUIT;SEASHELLS;4899.0;2
259400;;;STARFRUIT;SEASHELLS;4892.0;1
259700;;;STARFRUIT;SEASHELLS;4891.0;1
260300;;;AMETHYSTS;SEASHELLS;10002.0;1
260700;;;AMETHYSTS;SEASHELLS;9998.0;1
260700;;;STARFRUIT;SEASHELLS;4892.0;1
260800;;;STARFRUIT;SEASHELLS;4897.0;1
261400;;;STARFRUIT;SEASHELLS;4892.0;1
261600;;;AMETHYSTS;SEASHELLS;9998.0;5
261800;;;STARFRUIT;SEASHELLS;4891.0;1
261800;;;AMETHYSTS;SEASHELLS;9995.0;1
262100;;;AMETHYSTS;SEASHELLS;10002.0;1
262100;;;STARFRUIT;SEASHELLS;4891.0;1
262700;;;STARFRUIT;SEASHELLS;4890.0;1
262700;;;STARFRUIT;SEASHELLS;4892.0;2
263100;;;STARFRUIT;SEASHELLS;4890.0;10
263200;;;AMETHYSTS;SEASHELLS;10004.0;2
263300;;;AMETHYSTS;SEASHELLS;9998.0;2
263300;;;STARFRUIT;SEASHELLS;4890.0;6
263300;;;STARFRUIT;SEASHELLS;4890.0;1
263300;;;AMETHYSTS;SEASHELLS;9998.0;1
263300;;;STARFRUIT;SEASHELLS;4890.0;2
263900;;;AMETHYSTS;SEASHELLS;10002.0;1
263900;;;AMETHYSTS;SEASHELLS;10002.0;4
264100;;;AMETHYSTS;SEASHELLS;10005.0;2
264100;;;STARFRUIT;SEASHELLS;4897.0;2
264500;;;AMETHYSTS;SEASHELLS;9998.0;1
264700;;;AMETHYSTS;SEASHELLS;9998.0;4
264700;;;AMETHYSTS;SEASHELLS;9998.0;1
264800;;;AMETHYSTS;SEASHELLS;10004.0;2
265200;;;STARFRUIT;SEASHELLS;4895.0;1
265600;;;AMETHYSTS;SEASHELLS;9998.0;1
265800;;;STARFRUIT;SEASHELLS;4895.0;1
265900;;;AMETHYSTS;SEASHELLS;9995.0;4
266000;;;AMETHYSTS;SEASHELLS;9998.0;1
266600;;;STARFRUIT;SEASHELLS;4895.0;1
266700;;;AMETHYSTS;SEASHELLS;10005.0;2
266700;;;STARFRUIT;SEASHELLS;4897.0;2
267100;;;AMETHYSTS;SEASHELLS;10002.0;2
267800;;;STARFRUIT;SEASHELLS;4893.0;1
267900;;;AMETHYSTS;SEASHELLS;10004.0;1
267900;;;AMETHYSTS;SEASHELLS;10004.0;4
268200;;;STARFRUIT;SEASHELLS;4898.0;2
268200;;;AMETHYSTS;SEASHELLS;10005.0;2
268200;;;STARFRUIT;SEASHELLS;4891.0;1
268300;;;AMETHYSTS;SEASHELLS;9995.0;1
268300;;;STARFRUIT;SEASHELLS;4892.0;1
268300;;;STARFRUIT;SEASHELLS;4891.0;1
268400;;;STARFRUIT;SEASHELLS;4896.0;1
268500;;;STARFRUIT;SEASHELLS;4891.0;1
269200;;;STARFRUIT;SEASHELLS;4895.0;1
269400;;;STARFRUIT;SEASHELLS;4890.0;1
269500;;;STARFRUIT;SEASHELLS;4891.0;4
269700;;;STARFRUIT;SEASHELLS;4895.0;1
270100;;;AMETHYSTS;SEASHELLS;9998.0;1
270100;;;AMETHYSTS;SEASHELLS;9996.0;4
270100;;;AMETHYSTS;SEASHELLS;9996.0;2
270500;;;STARFRUIT;SEASHELLS;4896.0;1
270500;;;AMETHYSTS;SEASHELLS;10002.0;1
271400;;;AMETHYSTS;SEASHELLS;10002.0;1
271500;;;AMETHYSTS;SEASHELLS;10005.0;6
271600;;;STARFRUIT;SEASHELLS;4890.0;5
272500;;;STARFRUIT;SEASHELLS;4889.0;2
272500;;;AMETHYSTS;SEASHELLS;9996.0;2
272900;;;STARFRUIT;SEASHELLS;4888.0;1
273100;;;AMETHYSTS;SEASHELLS;10002.0;2
273500;;;AMETHYSTS;SEASHELLS;9995.0;10
273500;;;AMETHYSTS;SEASHELLS;10002.0;1
273700;;;AMETHYSTS;SEASHELLS;10004.0;1
274000;;;AMETHYSTS;SEASHELLS;9996.0;1
274300;;;STARFRUIT;SEASHELLS;4896.0;1
274300;;;AMETHYSTS;SEASHELLS;10004.0;1
274900;;;STARFRUIT;SEASHELLS;4890.0;2
274900;;;AMETHYSTS;SEASHELLS;9996.0;2
275500;;;AMETHYSTS;SEASHELLS;9996.0;1
275600;;;AMETHYSTS;SEASHELLS;9998.0;1
275700;;;STARFRUIT;SEASHELLS;4892.0;4
275700;;;AMETHYSTS;SEASHELLS;9998.0;1
276000;;;STARFRUIT;SEASHELLS;4891.0;4
276300;;;AMETHYSTS;SEASHELLS;10004.0;1
276300;;;STARFRUIT;SEASHELLS;4897.0;1
277600;;;STARFRUIT;SEASHELLS;4889.0;1
277800;;;AMETHYSTS;SEASHELLS;10002.0;1
278000;;;AMETHYSTS;SEASHELLS;9996.0;1
278000;;;STARFRUIT;SEASHELLS;4890.0;1
278100;;;STARFRUIT;SEASHELLS;4890.0;1
278500;;;STARFRUIT;SEASHELLS;4895.0;1
278700;;;STARFRUIT;SEASHELLS;4895.0;1
278700;;;AMETHYSTS;SEASHELLS;10002.0;1
278700;;;AMETHYSTS;SEASHELLS;10002.0;1
279000;;;STARFRUIT;SEASHELLS;4891.0;1
279300;;;STARFRUIT;SEASHELLS;4889.0;1
279500;;;STARFRUIT;SEASHELLS;4889.0;9
279600;;;STARFRUIT;SEASHELLS;4890.0;1
279600;;;AMETHYSTS;SEASHELLS;10002.0;1
280000;;;AMETHYSTS;SEASHELLS;9996.0;1
280000;;;AMETHYSTS;SEASHELLS;9996.0;1
280200;;;STARFRUIT;SEASHELLS;4896.0;1
280500;;;AMETHYSTS;SEASHELLS;9996.0;1
280500;;;STARFRUIT;SEASHELLS;4891.0;1
280500;;;STARFRUIT;SEASHELLS;4891.0;2
280700;;;STARFRUIT;SEASHELLS;4896.0;1
280800;;;AMETHYSTS;SEASHELLS;10002.0;1
280800;;;AMETHYSTS;SEASHELLS;10002.0;1
281200;;;AMETHYSTS;SEASHELLS;9998.0;4
281200;;;AMETHYSTS;SEASHELLS;9998.0;3
281300;;;STARFRUIT;SEASHELLS;4896.0;1
281400;;;STARFRUIT;SEASHELLS;4892.0;5
281700;;;STARFRUIT;SEASHELLS;4898.0;1
281700;;;AMETHYSTS;SEASHELLS;10004.0;1
282100;;;STARFRUIT;SEASHELLS;4891.0;1
282800;;;AMETHYSTS;SEASHELLS;9998.0;1
282900;;;STARFRUIT;SEASHELLS;4896.0;1
283300;;;STARFRUIT;SEASHELLS;4892.0;2
283400;;;STARFRUIT;SEASHELLS;4891.0;1
283600;;;STARFRUIT;SEASHELLS;4891.0;1
283600;;;STARFRUIT;SEASHELLS;4894.0;2
283600;;;AMETHYSTS;SEASHELLS;10004.0;2
283700;;;STARFRUIT;SEASHELLS;4896.0;1
283900;;;STARFRUIT;SEASHELLS;4891.0;1
284700;;;STARFRUIT;SEASHELLS;4892.0;2
284700;;;AMETHYSTS;SEASHELLS;9996.0;2
284800;;;STARFRUIT;SEASHELLS;4892.0;1
285000;;;AMETHYSTS;SEASHELLS;9996.0;1
285500;;;STARFRUIT;SEASHELLS;4892.0;1
285600;;;STARFRUIT;SEASHELLS;4892.0;2
285700;;;STARFRUIT;SEASHELLS;4892.0;1
285900;;;STARFRUIT;SEASHELLS;4891.0;14
286100;;;STARFRUIT;SEASHELLS;4892.0;12
286100;;;STARFRUIT;SEASHELLS;4892.0;1
286300;;;STARFRUIT;SEASHELLS;4898.0;11
286400;;;AMETHYSTS;SEASHELLS;10004.0;1
286400;;;STARFRUIT;SEASHELLS;4898.0;1
286500;;;STARFRUIT;SEASHELLS;4897.0;1
286600;;;AMETHYSTS;SEASHELLS;10004.0;1
286600;;;STARFRUIT;SEASHELLS;4898.0;1
286800;;;AMETHYSTS;SEASHELLS;9998.0;1
286900;;;STARFRUIT;SEASHELLS;4896.0;2
287000;;;STARFRUIT;SEASHELLS;4897.0;1
287200;;;AMETHYSTS;SEASHELLS;10002.0;1
287300;;;STARFRUIT;SEASHELLS;4891.0;1
287500;;;STARFRUIT;SEASHELLS;4892.0;1
289900;;;STARFRUIT;SEASHELLS;4890.0;2
289900;;;AMETHYSTS;SEASHELLS;10005.0;2
289900;;;AMETHYSTS;SEASHELLS;9995.0;2
290200;;;STARFRUIT;SEASHELLS;4895.0;3
290200;;;STARFRUIT;SEASHELLS;4896.0;1
290300;;;STARFRUIT;SEASHELLS;4897.0;15
290400;;;AMETHYSTS;SEASHELLS;10004.0;2
290400;;;STARFRUIT;SEASHELLS;4896.0;1
290400;;;AMETHYSTS;SEASHELLS;10005.0;1
290400;;;AMETHYSTS;SEASHELLS;10004.0;6
290800;;;AMETHYSTS;SEASHELLS;9998.0;1
290900;;;AMETHYSTS;SEASHELLS;9996.0;1
290900;;;STARFRUIT;SEASHELLS;4890.0;1
291000;;;STARFRUIT;SEASHELLS;4889.0;8
291200;;;STARFRUIT;SEASHELLS;4890.0;8
291200;;;AMETHYSTS;SEASHELLS;9998.0;1
291400;;;STARFRUIT;SEASHELLS;4889.0;1
291500;;;AMETHYSTS;SEASHELLS;9995.0;7
291600;;;AMETHYSTS;SEASHELLS;10004.0;2
292500;;;AMETHYSTS;SEASHELLS;9998.0;1
292600;;;AMETHYSTS;SEASHELLS;10004.0;1
292600;;;STARFRUIT;SEASHELLS;4896.0;1
292800;;;AMETHYSTS;SEASHELLS;10002.0;1
292800;;;STARFRUIT;SEASHELLS;4895.0;1
292900;;;AMETHYSTS;SEASHELLS;10004.0;2
293100;;;STARFRUIT;SEASHELLS;4895.0;1
293500;;;STARFRUIT;SEASHELLS;4897.0;1
293500;;;AMETHYSTS;SEASHELLS;10000.0;1
293700;;;STARFRUIT;SEASHELLS;4896.0;11
293800;;;STARFRUIT;SEASHELLS;4892.0;1
293900;;;AMETHYSTS;SEASHELLS;9998.0;1
293900;;;STARFRUIT;SEASHELLS;4897.0;1
294300;;;AMETHYSTS;SEASHELLS;9996.0;1
294300;;;STARFRUIT;SEASHELLS;4893.0;2
294400;;;AMETHYSTS;SEASHELLS;10005.0;3
294500;;;AMETHYSTS;SEASHELLS;9998.0;1
294800;;;STARFRUIT;SEASHELLS;4895.0;5
294900;;;STARFRUIT;SEASHELLS;4900.0;20
296400;;;AMETHYSTS;SEASHELLS;9998.0;5
296800;;;AMETHYSTS;SEASHELLS;10002.0;5
297100;;;AMETHYSTS;SEASHELLS;10004.0;1
297100;;;STARFRUIT;SEASHELLS;4897.0;1
297600;;;AMETHYSTS;SEASHELLS;10002.0;2
297600;;;STARFRUIT;SEASHELLS;4890.0;2
298400;;;AMETHYSTS;SEASHELLS;9998.0;1
298800;;;STARFRUIT;SEASHELLS;4891.0;9
298900;;;STARFRUIT;SEASHELLS;4890.0;1
298900;;;AMETHYSTS;SEASHELLS;9995.0;1
299200;;;AMETHYSTS;SEASHELLS;9996.0;2
299200;;;AMETHYSTS;SEASHELLS;9996.0;10
299400;;;STARFRUIT;SEASHELLS;4890.0;1
299400;;;STARFRUIT;SEASHELLS;4890.0;2
299400;;;AMETHYSTS;SEASHELLS;9996.0;1
299600;;;STARFRUIT;SEASHELLS;4890.0;1
299800;;;AMETHYSTS;SEASHELLS;9998.0;1
299800;;;STARFRUIT;SEASHELLS;4896.0;1
299800;;;AMETHYSTS;SEASHELLS;10004.0;1
299900;;;STARFRUIT;SEASHELLS;4890.0;1
299900;;;AMETHYSTS;SEASHELLS;9996.0;1
300300;;;STARFRUIT;SEASHELLS;4895.0;1
300400;;;AMETHYSTS;SEASHELLS;9995.0;2
300400;;;STARFRUIT;SEASHELLS;4890.0;1
300400;;;STARFRUIT;SEASHELLS;4890.0;2
300800;;;STARFRUIT;SEASHELLS;4891.0;1
301200;;;STARFRUIT;SEASHELLS;4896.0;1
301200;;;AMETHYSTS;SEASHELLS;10004.0;1
301200;;;AMETHYSTS;SEASHELLS;10004.0;1
301200;;;STARFRUIT;SEASHELLS;4897.0;2
301700;;;STARFRUIT;SEASHELLS;4892.0;2
301700;;;STARFRUIT;SEASHELLS;4892.0;18
301900;;;AMETHYSTS;SEASHELLS;10002.0;1
302100;;;AMETHYSTS;SEASHELLS;9998.0;1
302400;;;STARFRUIT;SEASHELLS;4890.0;1
302600;;;AMETHYSTS;SEASHELLS;9998.0;1
302700;;;STARFRUIT;SEASHELLS;4894.0;5
302700;;;AMETHYSTS;SEASHELLS;9998.0;1
303000;;;AMETHYSTS;SEASHELLS;9998.0;5
303000;;;STARFRUIT;SEASHELLS;4890.0;3
303100;;;STARFRUIT;SEASHELLS;4890.0;1
303100;;;AMETHYSTS;SEASHELLS;9998.0;1
303300;;;STARFRUIT;SEASHELLS;4894.0;9
303300;;;STARFRUIT;SEASHELLS;4894.0;4
303900;;;AMETHYSTS;SEASHELLS;9998.0;1
304400;;;STARFRUIT;SEASHELLS;4895.0;1
304600;;;STARFRUIT;SEASHELLS;4896.0;1
305100;;;AMETHYSTS;SEASHELLS;10002.0;1
305200;;;AMETHYSTS;SEASHELLS;10002.0;1
305300;;;AMETHYSTS;SEASHELLS;9998.0;5
305700;;;STARFRUIT;SEASHELLS;4896.0;1
305900;;;STARFRUIT;SEASHELLS;4897.0;1
305900;;;AMETHYSTS;SEASHELLS;9996.0;1
306100;;;STARFRUIT;SEASHELLS;4897.0;1
306100;;;AMETHYSTS;SEASHELLS;10004.0;1
306100;;;AMETHYSTS;SEASHELLS;10005.0;1
306500;;;AMETHYSTS;SEASHELLS;9996.0;2
306800;;;STARFRUIT;SEASHELLS;4896.0;2
307000;;;AMETHYSTS;SEASHELLS;9998.0;3
307100;;;STARFRUIT;SEASHELLS;4891.0;1
307200;;;STARFRUIT;SEASHELLS;4891.0;2
307200;;;AMETHYSTS;SEASHELLS;9995.0;2
307500;;;STARFRUIT;SEASHELLS;4897.0;1
307700;;;STARFRUIT;SEASHELLS;4892.0;1
308500;;;STARFRUIT;SEASHELLS;4898.0;1
308500;;;AMETHYSTS;SEASHELLS;9995.0;1
308600;;;AMETHYSTS;SEASHELLS;9998.0;1
308600;;;STARFRUIT;SEASHELLS;4893.0;1
308700;;;STARFRUIT;SEASHELLS;4893.0;5
308700;;;STARFRUIT;SEASHELLS;4893.0;1
308700;;;STARFRUIT;SEASHELLS;4894.0;4
308800;;;STARFRUIT;SEASHELLS;4897.0;3
308800;;;STARFRUIT;SEASHELLS;4897.0;6
309000;;;STARFRUIT;SEASHELLS;4892.0;1
309300;;;AMETHYSTS;SEASHELLS;9998.0;1
309400;;;AMETHYSTS;SEASHELLS;10002.0;1
309400;;;STARFRUIT;SEASHELLS;4897.0;1
309800;;;AMETHYSTS;SEASHELLS;10002.0;1
310000;;;AMETHYSTS;SEASHELLS;10002.0;1
310000;;;STARFRUIT;SEASHELLS;4897.0;9
310500;;;AMETHYSTS;SEASHELLS;9998.0;1
310800;;;STARFRUIT;SEASHELLS;4898.0;1
310900;;;STARFRUIT;SEASHELLS;4893.0;1
311000;;;AMETHYSTS;SEASHELLS;9998.0;1
311100;;;STARFRUIT;SEASHELLS;4898.0;1
311700;;;STARFRUIT;SEASHELLS;4893.0;1
311800;;;AMETHYSTS;SEASHELLS;10002.0;1
311800;;;STARFRUIT;SEASHELLS;4898.0;5
312300;;;AMETHYSTS;SEASHELLS;9996.0;1
312300;;;STARFRUIT;SEASHELLS;4896.0;2
312400;;;AMETHYSTS;SEASHELLS;9998.0;1
313100;;;STARFRUIT;SEASHELLS;4893.0;3
313500;;;AMETHYSTS;SEASHELLS;10004.0;2
313500;;;AMETHYSTS;SEASHELLS;10004.0;6
314200;;;STARFRUIT;SEASHELLS;4892.0;8
314200;;;AMETHYSTS;SEASHELLS;9996.0;1
314200;;;STARFRUIT;SEASHELLS;4891.0;2
314300;;;STARFRUIT;SEASHELLS;4896.0;1
314400;;;STARFRUIT;SEASHELLS;4891.0;1
314400;;;AMETHYSTS;SEASHELLS;9996.0;1
314800;;;AMETHYSTS;SEASHELLS;10002.0;4
314900;;;AMETHYSTS;SEASHELLS;9996.0;1
314900;;;STARFRUIT;SEASHELLS;4891.0;1
315100;;;STARFRUIT;SEASHELLS;4891.0;1
315100;;;AMETHYSTS;SEASHELLS;9998.0;1
315700;;;STARFRUIT;SEASHELLS;4897.0;1
316000;;;STARFRUIT;SEASHELLS;4896.0;1
316300;;;STARFRUIT;SEASHELLS;4897.0;7
316300;;;STARFRUIT;SEASHELLS;4891.0;1
316400;;;AMETHYSTS;SEASHELLS;10002.0;1
316500;;;STARFRUIT;SEASHELLS;4891.0;1
316600;;;AMETHYSTS;SEASHELLS;9996.0;2
316600;;;STARFRUIT;SEASHELLS;4891.0;2
317000;;;AMETHYSTS;SEASHELLS;9998.0;1
317000;;;STARFRUIT;SEASHELLS;4897.0;1
317200;;;STARFRUIT;SEASHELLS;4891.0;1
317300;;;AMETHYSTS;SEASHELLS;9998.0;1
317400;;;STARFRUIT;SEASHELLS;4892.0;1
317900;;;STARFRUIT;SEASHELLS;4896.0;1
318500;;;STARFRUIT;SEASHELLS;4897.0;1
318600;;;AMETHYSTS;SEASHELLS;9996.0;1
318600;;;STARFRUIT;SEASHELLS;4891.0;2
318600;;;AMETHYSTS;SEASHELLS;9996.0;1
319000;;;STARFRUIT;SEASHELLS;4895.0;1
319300;;;AMETHYSTS;SEASHELLS;9996.0;1
319500;;;AMETHYSTS;SEASHELLS;10002.0;7
319500;;;AMETHYSTS;SEASHELLS;10002.0;1
320000;;;AMETHYSTS;SEASHELLS;10002.0;1
320100;;;AMETHYSTS;SEASHELLS;10005.0;2
320300;;;AMETHYSTS;SEASHELLS;10002.0;1
320600;;;AMETHYSTS;SEASHELLS;9996.0;1
320600;;;STARFRUIT;SEASHELLS;4890.0;1
321000;;;STARFRUIT;SEASHELLS;4890.0;1
321200;;;AMETHYSTS;SEASHELLS;9998.0;1
321500;;;AMETHYSTS;SEASHELLS;10002.0;1
321600;;;AMETHYSTS;SEASHELLS;9998.0;1
321700;;;AMETHYSTS;SEASHELLS;10002.0;2
322600;;;AMETHYSTS;SEASHELLS;10002.0;1
322800;;;STARFRUIT;SEASHELLS;4895.0;1
322900;;;AMETHYSTS;SEASHELLS;9998.0;2
322900;;;STARFRUIT;SEASHELLS;4890.0;2
322900;;;AMETHYSTS;SEASHELLS;9998.0;5
322900;;;AMETHYSTS;SEASHELLS;9998.0;1
323000;;;STARFRUIT;SEASHELLS;4891.0;1
323000;;;STARFRUIT;SEASHELLS;4891.0;4
323600;;;STARFRUIT;SEASHELLS;4894.0;1
323700;;;AMETHYSTS;SEASHELLS;10002.0;2
323700;;;STARFRUIT;SEASHELLS;4895.0;1
324100;;;STARFRUIT;SEASHELLS;4895.0;2
324100;;;AMETHYSTS;SEASHELLS;10004.0;1
324100;;;AMETHYSTS;SEASHELLS;10004.0;1
324600;;;AMETHYSTS;SEASHELLS;10002.0;1
324800;;;STARFRUIT;SEASHELLS;4894.0;1
325400;;;STARFRUIT;SEASHELLS;4888.0;1
325400;;;AMETHYSTS;SEASHELLS;9998.0;1
325600;;;AMETHYSTS;SEASHELLS;10004.0;1
325600;;;STARFRUIT;SEASHELLS;4894.0;1
326200;;;AMETHYSTS;SEASHELLS;10002.0;1
326200;;;STARFRUIT;SEASHELLS;4894.0;1
326200;;;AMETHYSTS;SEASHELLS;10004.0;1
326600;;;STARFRUIT;SEASHELLS;4892.0;8
326600;;;STARFRUIT;SEASHELLS;4892.0;6
326900;;;STARFRUIT;SEASHELLS;4888.0;1
326900;;;AMETHYSTS;SEASHELLS;10002.0;2
327300;;;STARFRUIT;SEASHELLS;4894.0;1
327300;;;AMETHYSTS;SEASHELLS;10005.0;1
327400;;;AMETHYSTS;SEASHELLS;10002.0;1
327400;;;STARFRUIT;SEASHELLS;4887.0;2
327800;;;STARFRUIT;SEASHELLS;4887.0;1
328400;;;STARFRUIT;SEASHELLS;4893.0;1
328700;;;AMETHYSTS;SEASHELLS;9995.0;2
328700;;;STARFRUIT;SEASHELLS;4889.0;2
329500;;;AMETHYSTS;SEASHELLS;10005.0;2
329500;;;STARFRUIT;SEASHELLS;4896.0;2
329700;;;STARFRUIT;SEASHELLS;4890.0;1
330200;;;STARFRUIT;SEASHELLS;4896.0;1
330300;;;STARFRUIT;SEASHELLS;4895.0;2
330300;;;AMETHYSTS;SEASHELLS;10002.0;2
330400;;;STARFRUIT;SEASHELLS;4891.0;1
330600;;;STARFRUIT;SEASHELLS;4890.0;1
330800;;;AMETHYSTS;SEASHELLS;10004.0;1
330800;;;STARFRUIT;SEASHELLS;4896.0;1
330900;;;STARFRUIT;SEASHELLS;4894.0;1
331100;;;STARFRUIT;SEASHELLS;4889.0;1
331200;;;STARFRUIT;SEASHELLS;4890.0;1
331200;;;AMETHYSTS;SEASHELLS;10002.0;1
331400;;;AMETHYSTS;SEASHELLS;9998.0;1
331800;;;AMETHYSTS;SEASHELLS;10002.0;1
332100;;;STARFRUIT;SEASHELLS;4888.0;1
332100;;;AMETHYSTS;SEASHELLS;9998.0;1
332300;;;STARFRUIT;SEASHELLS;4887.0;1
332300;;;AMETHYSTS;SEASHELLS;10002.0;1
332400;;;AMETHYSTS;SEASHELLS;10005.0;2
332400;;;STARFRUIT;SEASHELLS;4893.0;2
332700;;;AMETHYSTS;SEASHELLS;10004.0;2
334000;;;STARFRUIT;SEASHELLS;4893.0;1
334300;;;STARFRUIT;SEASHELLS;4893.0;1
335500;;;STARFRUIT;SEASHELLS;4888.0;4
336100;;;STARFRUIT;SEASHELLS;4888.0;1
336700;;;STARFRUIT;SEASHELLS;4892.0;1
336700;;;AMETHYSTS;SEASHELLS;10004.0;1
337000;;;AMETHYSTS;SEASHELLS;9998.0;1
337100;;;AMETHYSTS;SEASHELLS;9998.0;1
337900;;;STARFRUIT;SEASHELLS;4893.0;1
338200;;;AMETHYSTS;SEASHELLS;9996.0;1
338200;;;STARFRUIT;SEASHELLS;4887.0;1
338400;;;AMETHYSTS;SEASHELLS;9998.0;1
338600;;;STARFRUIT;SEASHELLS;4885.0;2
338900;;;STARFRUIT;SEASHELLS;4892.0;8
339400;;;STARFRUIT;SEASHELLS;4891.0;3
339500;;;STARFRUIT;SEASHELLS;4886.0;11
339700;;;AMETHYSTS;SEASHELLS;9995.0;2
340200;;;STARFRUIT;SEASHELLS;4890.0;1
340400;;;AMETHYSTS;SEASHELLS;9996.0;1
340400;;;STARFRUIT;SEASHELLS;4888.0;1
341100;;;AMETHYSTS;SEASHELLS;9998.0;1
341400;;;STARFRUIT;SEASHELLS;4893.0;1
341800;;;STARFRUIT;SEASHELLS;4893.0;11
342000;;;AMETHYSTS;SEASHELLS;10002.0;1
342800;;;STARFRUIT;SEASHELLS;4885.0;1
342800;;;AMETHYSTS;SEASHELLS;10004.0;1
342800;;;AMETHYSTS;SEASHELLS;10004.0;1
342800;;;AMETHYSTS;SEASHELLS;10004.0;1
342900;;;STARFRUIT;SEASHELLS;4884.0;2
342900;;;AMETHYSTS;SEASHELLS;9996.0;1
342900;;;STARFRUIT;SEASHELLS;4885.0;1
343200;;;AMETHYSTS;SEASHELLS;10002.0;3
343300;;;STARFRUIT;SEASHELLS;4884.0;1
343500;;;STARFRUIT;SEASHELLS;4884.0;1
343700;;;STARFRUIT;SEASHELLS;4888.0;3
343700;;;STARFRUIT;SEASHELLS;4888.0;9
343800;;;STARFRUIT;SEASHELLS;4888.0;1
344100;;;AMETHYSTS;SEASHELLS;9998.0;1
344300;;;AMETHYSTS;SEASHELLS;10002.0;3
344700;;;STARFRUIT;SEASHELLS;4885.0;3
344800;;;AMETHYSTS;SEASHELLS;9995.0;5
344900;;;STARFRUIT;SEASHELLS;4883.0;2
344900;;;AMETHYSTS;SEASHELLS;9995.0;2
345200;;;STARFRUIT;SEASHELLS;4889.0;1
345300;;;AMETHYSTS;SEASHELLS;9998.0;1
345500;;;STARFRUIT;SEASHELLS;4889.0;1
346400;;;STARFRUIT;SEASHELLS;4884.0;1
346600;;;STARFRUIT;SEASHELLS;4887.0;2
346700;;;STARFRUIT;SEASHELLS;4887.0;4
346800;;;AMETHYSTS;SEASHELLS;10005.0;5
346900;;;AMETHYSTS;SEASHELLS;9998.0;1
347100;;;STARFRUIT;SEASHELLS;4887.0;5
347100;;;AMETHYSTS;SEASHELLS;10002.0;1
347300;;;AMETHYSTS;SEASHELLS;10004.0;2
347900;;;AMETHYSTS;SEASHELLS;9995.0;7
348100;;;AMETHYSTS;SEASHELLS;9998.0;5
348900;;;STARFRUIT;SEASHELLS;4885.0;2
349300;;;STARFRUIT;SEASHELLS;4891.0;1
349400;;;STARFRUIT;SEASHELLS;4891.0;1
350300;;;AMETHYSTS;SEASHELLS;10002.0;2
350400;;;STARFRUIT;SEASHELLS;4888.0;1
350600;;;STARFRUIT;SEASHELLS;4887.0;16
350900;;;STARFRUIT;SEASHELLS;4890.0;5
350900;;;STARFRUIT;SEASHELLS;4893.0;1
351000;;;AMETHYSTS;SEASHELLS;10002.0;1
351300;;;STARFRUIT;SEASHELLS;4895.0;6
351700;;;AMETHYSTS;SEASHELLS;9998.0;1
351900;;;AMETHYSTS;SEASHELLS;10002.0;1
351900;;;STARFRUIT;SEASHELLS;4888.0;1
352000;;;STARFRUIT;SEASHELLS;4893.0;6
352000;;;STARFRUIT;SEASHELLS;4893.0;6
353100;;;AMETHYSTS;SEASHELLS;10002.0;1
353900;;;AMETHYSTS;SEASHELLS;9996.0;1
353900;;;STARFRUIT;SEASHELLS;4887.0;1
354600;;;STARFRUIT;SEASHELLS;4887.0;1
354900;;;STARFRUIT;SEASHELLS;4893.0;7
355000;;;AMETHYSTS;SEASHELLS;10002.0;1
355000;;;STARFRUIT;SEASHELLS;4892.0;1
355600;;;STARFRUIT;SEASHELLS;4887.0;1
355700;;;AMETHYSTS;SEASHELLS;10005.0;4
355800;;;STARFRUIT;SEASHELLS;4887.0;1
355800;;;STARFRUIT;SEASHELLS;4888.0;1
355800;;;STARFRUIT;SEASHELLS;4888.0;3
356600;;;STARFRUIT;SEASHELLS;4886.0;7
356800;;;AMETHYSTS;SEASHELLS;9998.0;4
356800;;;STARFRUIT;SEASHELLS;4887.0;2
357200;;;AMETHYSTS;SEASHELLS;9998.0;7
357400;;;AMETHYSTS;SEASHELLS;9998.0;1
357600;;;STARFRUIT;SEASHELLS;4890.0;6
357600;;;STARFRUIT;SEASHELLS;4883.0;2
357600;;;AMETHYSTS;SEASHELLS;9995.0;2
358100;;;STARFRUIT;SEASHELLS;4884.0;1
358200;;;STARFRUIT;SEASHELLS;4886.0;8
358300;;;STARFRUIT;SEASHELLS;4890.0;8
358500;;;AMETHYSTS;SEASHELLS;9998.0;1
358500;;;STARFRUIT;SEASHELLS;4891.0;3
358900;;;AMETHYSTS;SEASHELLS;10002.0;1
358900;;;STARFRUIT;SEASHELLS;4884.0;1
359100;;;AMETHYSTS;SEASHELLS;10004.0;1
359300;;;AMETHYSTS;SEASHELLS;10005.0;1
359300;;;STARFRUIT;SEASHELLS;4892.0;1
359400;;;STARFRUIT;SEASHELLS;4886.0;1
359400;;;STARFRUIT;SEASHELLS;4886.0;1
359700;;;AMETHYSTS;SEASHELLS;10002.0;1
359900;;;AMETHYSTS;SEASHELLS;9996.0;1
359900;;;STARFRUIT;SEASHELLS;4885.0;2
360000;;;STARFRUIT;SEASHELLS;4892.0;1
360000;;;AMETHYSTS;SEASHELLS;10005.0;1
360300;;;AMETHYSTS;SEASHELLS;10002.0;2
360600;;;AMETHYSTS;SEASHELLS;9996.0;3
360600;;;AMETHYSTS;SEASHELLS;9996.0;2
360600;;;STARFRUIT;SEASHELLS;4886.0;2
361800;;;AMETHYSTS;SEASHELLS;9998.0;1
362000;;;AMETHYSTS;SEASHELLS;9995.0;11
362100;;;AMETHYSTS;SEASHELLS;10002.0;1
362400;;;STARFRUIT;SEASHELLS;4889.0;8
362400;;;STARFRUIT;SEASHELLS;4889.0;1
362900;;;STARFRUIT;SEASHELLS;4889.0;1
363100;;;AMETHYSTS;SEASHELLS;9998.0;1
363200;;;AMETHYSTS;SEASHELLS;10005.0;2
363200;;;STARFRUIT;SEASHELLS;4890.0;2
363300;;;STARFRUIT;SEASHELLS;4884.0;1
363600;;;AMETHYSTS;SEASHELLS;10002.0;4
363600;;;STARFRUIT;SEASHELLS;4883.0;1
363600;;;AMETHYSTS;SEASHELLS;10002.0;1
363800;;;STARFRUIT;SEASHELLS;4888.0;3
363800;;;STARFRUIT;SEASHELLS;4889.0;1
364000;;;AMETHYSTS;SEASHELLS;10002.0;3
364000;;;STARFRUIT;SEASHELLS;4889.0;1
364000;;;AMETHYSTS;SEASHELLS;10002.0;1
364000;;;AMETHYSTS;SEASHELLS;10002.0;1
364100;;;AMETHYSTS;SEASHELLS;9998.0;1
364300;;;STARFRUIT;SEASHELLS;4891.0;1
364400;;;STARFRUIT;SEASHELLS;4887.0;2
364400;;;AMETHYSTS;SEASHELLS;9998.0;1
364900;;;STARFRUIT;SEASHELLS;4887.0;2
365000;;;AMETHYSTS;SEASHELLS;10002.0;4
365000;;;AMETHYSTS;SEASHELLS;10002.0;1
365100;;;AMETHYSTS;SEASHELLS;9998.0;1
365200;;;STARFRUIT;SEASHELLS;4893.0;2
365200;;;AMETHYSTS;SEASHELLS;10004.0;2
365400;;;STARFRUIT;SEASHELLS;4886.0;1
365600;;;AMETHYSTS;SEASHELLS;9998.0;3
365600;;;STARFRUIT;SEASHELLS;4887.0;1
365600;;;AMETHYSTS;SEASHELLS;10004.0;2
365900;;;AMETHYSTS;SEASHELLS;9996.0;1
365900;;;AMETHYSTS;SEASHELLS;9996.0;3
366000;;;AMETHYSTS;SEASHELLS;10002.0;1
366300;;;STARFRUIT;SEASHELLS;4887.0;8
366700;;;STARFRUIT;SEASHELLS;4890.0;1
367400;;;STARFRUIT;SEASHELLS;4892.0;1
367400;;;AMETHYSTS;SEASHELLS;9998.0;1
368000;;;AMETHYSTS;SEASHELLS;10002.0;1
368000;;;STARFRUIT;SEASHELLS;4887.0;5
368700;;;AMETHYSTS;SEASHELLS;10002.0;4
368700;;;AMETHYSTS;SEASHELLS;10005.0;1
368700;;;STARFRUIT;SEASHELLS;4893.0;1
368900;;;AMETHYSTS;SEASHELLS;9998.0;1
369000;;;STARFRUIT;SEASHELLS;4885.0;1
369100;;;AMETHYSTS;SEASHELLS;9996.0;2
369500;;;STARFRUIT;SEASHELLS;4885.0;9
369600;;;AMETHYSTS;SEASHELLS;10002.0;4
369700;;;AMETHYSTS;SEASHELLS;9998.0;1
370100;;;STARFRUIT;SEASHELLS;4890.0;2
370100;;;STARFRUIT;SEASHELLS;4890.0;2
370200;;;STARFRUIT;SEASHELLS;4892.0;19
370500;;;STARFRUIT;SEASHELLS;4886.0;1
370900;;;AMETHYSTS;SEASHELLS;10002.0;6
371200;;;STARFRUIT;SEASHELLS;4893.0;10
371600;;;STARFRUIT;SEASHELLS;4887.0;1
371600;;;AMETHYSTS;SEASHELLS;10002.0;1
371600;;;AMETHYSTS;SEASHELLS;10002.0;4
372000;;;STARFRUIT;SEASHELLS;4886.0;1
372300;;;STARFRUIT;SEASHELLS;4887.0;7
372700;;;STARFRUIT;SEASHELLS;4886.0;2
372800;;;STARFRUIT;SEASHELLS;4886.0;1
372800;;;AMETHYSTS;SEASHELLS;10004.0;1
372900;;;STARFRUIT;SEASHELLS;4887.0;1
373200;;;AMETHYSTS;SEASHELLS;9998.0;1
373600;;;STARFRUIT;SEASHELLS;4887.0;1
373600;;;STARFRUIT;SEASHELLS;4886.0;1
373600;;;AMETHYSTS;SEASHELLS;9998.0;1
373900;;;AMETHYSTS;SEASHELLS;9998.0;1
374100;;;STARFRUIT;SEASHELLS;4891.0;2
374700;;;AMETHYSTS;SEASHELLS;9998.0;1
375100;;;STARFRUIT;SEASHELLS;4887.0;1
375100;;;STARFRUIT;SEASHELLS;4887.0;2
375400;;;STARFRUIT;SEASHELLS;4888.0;1
375700;;;STARFRUIT;SEASHELLS;4894.0;16
375900;;;AMETHYSTS;SEASHELLS;9998.0;1
376000;;;AMETHYSTS;SEASHELLS;9998.0;1
376100;;;AMETHYSTS;SEASHELLS;10002.0;2
376400;;;STARFRUIT;SEASHELLS;4889.0;1
376400;;;AMETHYSTS;SEASHELLS;10002.0;1
376400;;;AMETHYSTS;SEASHELLS;10002.0;2
376800;;;AMETHYSTS;SEASHELLS;9998.0;1
376800;;;STARFRUIT;SEASHELLS;4893.0;2
377000;;;AMETHYSTS;SEASHELLS;9998.0;1
377200;;;AMETHYSTS;SEASHELLS;9998.0;1
377400;;;AMETHYSTS;SEASHELLS;10004.0;1
377400;;;STARFRUIT;SEASHELLS;4892.0;1
377800;;;STARFRUIT;SEASHELLS;4888.0;5
378000;;;AMETHYSTS;SEASHELLS;9998.0;1
378300;;;STARFRUIT;SEASHELLS;4891.0;9
378400;;;AMETHYSTS;SEASHELLS;10002.0;1
378400;;;AMETHYSTS;SEASHELLS;10002.0;3
378500;;;AMETHYSTS;SEASHELLS;10002.0;1
378500;;;STARFRUIT;SEASHELLS;4891.0;1
378600;;;STARFRUIT;SEASHELLS;4886.0;12
379100;;;STARFRUIT;SEASHELLS;4891.0;1
379500;;;STARFRUIT;SEASHELLS;4892.0;1
379600;;;STARFRUIT;SEASHELLS;4888.0;1
379800;;;STARFRUIT;SEASHELLS;4887.0;1
380200;;;STARFRUIT;SEASHELLS;4892.0;1
380500;;;STARFRUIT;SEASHELLS;4889.0;5
380900;;;STARFRUIT;SEASHELLS;4888.0;1
380900;;;STARFRUIT;SEASHELLS;4889.0;5
381100;;;STARFRUIT;SEASHELLS;4888.0;1
381100;;;AMETHYSTS;SEASHELLS;10002.0;1
381100;;;AMETHYSTS;SEASHELLS;10002.0;4
381300;;;STARFRUIT;SEASHELLS;4895.0;1
381300;;;AMETHYSTS;SEASHELLS;10004.0;1
381500;;;STARFRUIT;SEASHELLS;4894.0;1
381700;;;AMETHYSTS;SEASHELLS;9998.0;1
381700;;;STARFRUIT;SEASHELLS;4888.0;1
381700;;;STARFRUIT;SEASHELLS;4888.0;5
381800;;;STARFRUIT;SEASHELLS;4895.0;1
381800;;;AMETHYSTS;SEASHELLS;10005.0;1
381900;;;STARFRUIT;SEASHELLS;4889.0;1
382200;;;AMETHYSTS;SEASHELLS;9995.0;3
382500;;;AMETHYSTS;SEASHELLS;9998.0;1
383600;;;STARFRUIT;SEASHELLS;4896.0;1
383900;;;AMETHYSTS;SEASHELLS;10004.0;1
383900;;;STARFRUIT;SEASHELLS;4894.0;2
383900;;;AMETHYSTS;SEASHELLS;10004.0;1
383900;;;AMETHYSTS;SEASHELLS;9998.0;4
384600;;;STARFRUIT;SEASHELLS;4897.0;1
384600;;;AMETHYSTS;SEASHELLS;10005.0;1
384900;;;AMETHYSTS;SEASHELLS;9998.0;1
385000;;;STARFRUIT;SEASHELLS;4890.0;1
385000;;;AMETHYSTS;SEASHELLS;9995.0;1
385300;;;STARFRUIT;SEASHELLS;4894.0;1
385300;;;AMETHYSTS;SEASHELLS;9995.0;1
385300;;;AMETHYSTS;SEASHELLS;10002.0;1
385600;;;STARFRUIT;SEASHELLS;4894.0;1
385800;;;STARFRUIT;SEASHELLS;4894.0;1
385800;;;STARFRUIT;SEASHELLS;4893.0;4
385900;;;AMETHYSTS;SEASHELLS;10002.0;1
386000;;;STARFRUIT;SEASHELLS;4894.0;7
386100;;;AMETHYSTS;SEASHELLS;10002.0;1
386200;;;STARFRUIT;SEASHELLS;4896.0;2
386200;;;AMETHYSTS;SEASHELLS;10004.0;2
386300;;;STARFRUIT;SEASHELLS;4895.0;1
386400;;;AMETHYSTS;SEASHELLS;10002.0;2
386500;;;STARFRUIT;SEASHELLS;4889.0;7
386600;;;AMETHYSTS;SEASHELLS;9998.0;2
386700;;;AMETHYSTS;SEASHELLS;10004.0;2
386700;;;STARFRUIT;SEASHELLS;4897.0;2
386800;;;STARFRUIT;SEASHELLS;4895.0;3
386800;;;AMETHYSTS;SEASHELLS;10002.0;4
387100;;;STARFRUIT;SEASHELLS;4894.0;3
387900;;;STARFRUIT;SEASHELLS;4895.0;1
388000;;;AMETHYSTS;SEASHELLS;9998.0;2
388700;;;STARFRUIT;SEASHELLS;4890.0;1
389000;;;AMETHYSTS;SEASHELLS;10004.0;1
389000;;;STARFRUIT;SEASHELLS;4896.0;1
389200;;;STARFRUIT;SEASHELLS;4895.0;1
389300;;;AMETHYSTS;SEASHELLS;9996.0;2
389300;;;AMETHYSTS;SEASHELLS;9996.0;10
389400;;;STARFRUIT;SEASHELLS;4890.0;4
389400;;;AMETHYSTS;SEASHELLS;9995.0;1
389400;;;STARFRUIT;SEASHELLS;4889.0;1
389900;;;AMETHYSTS;SEASHELLS;10002.0;1
390200;;;STARFRUIT;SEASHELLS;4895.0;2
390200;;;AMETHYSTS;SEASHELLS;10004.0;1
390600;;;AMETHYSTS;SEASHELLS;9998.0;1
391500;;;AMETHYSTS;SEASHELLS;10005.0;8
391500;;;STARFRUIT;SEASHELLS;4888.0;1
392000;;;AMETHYSTS;SEASHELLS;9996.0;1
392000;;;STARFRUIT;SEASHELLS;4888.0;2
392000;;;AMETHYSTS;SEASHELLS;9996.0;1
392200;;;STARFRUIT;SEASHELLS;4889.0;1
392700;;;STARFRUIT;SEASHELLS;4889.0;8
392700;;;STARFRUIT;SEASHELLS;4889.0;2
392800;;;AMETHYSTS;SEASHELLS;10004.0;2
392800;;;STARFRUIT;SEASHELLS;4894.0;2
393000;;;AMETHYSTS;SEASHELLS;9998.0;1
393300;;;STARFRUIT;SEASHELLS;4893.0;1
393400;;;STARFRUIT;SEASHELLS;4888.0;14
393500;;;STARFRUIT;SEASHELLS;4895.0;4
393800;;;STARFRUIT;SEASHELLS;4888.0;2
393800;;;AMETHYSTS;SEASHELLS;9998.0;1
393800;;;AMETHYSTS;SEASHELLS;9996.0;2
394100;;;STARFRUIT;SEASHELLS;4893.0;2
394100;;;AMETHYSTS;SEASHELLS;9998.0;1
394100;;;AMETHYSTS;SEASHELLS;9998.0;7
394100;;;AMETHYSTS;SEASHELLS;9998.0;2
394200;;;AMETHYSTS;SEASHELLS;9998.0;1
394200;;;STARFRUIT;SEASHELLS;4887.0;1
394300;;;STARFRUIT;SEASHELLS;4893.0;1
394300;;;AMETHYSTS;SEASHELLS;10004.0;1
394600;;;STARFRUIT;SEASHELLS;4887.0;1
394600;;;AMETHYSTS;SEASHELLS;9995.0;2
395300;;;AMETHYSTS;SEASHELLS;9998.0;5
395500;;;STARFRUIT;SEASHELLS;4887.0;18
395600;;;STARFRUIT;SEASHELLS;4889.0;1
395600;;;AMETHYSTS;SEASHELLS;9998.0;1
396100;;;AMETHYSTS;SEASHELLS;9998.0;2
396200;;;AMETHYSTS;SEASHELLS;10005.0;8
396300;;;AMETHYSTS;SEASHELLS;10002.0;1
397000;;;AMETHYSTS;SEASHELLS;10004.0;1
397000;;;STARFRUIT;SEASHELLS;4895.0;2
397300;;;AMETHYSTS;SEASHELLS;10002.0;1
397600;;;AMETHYSTS;SEASHELLS;9995.0;2
397600;;;STARFRUIT;SEASHELLS;4893.0;2
397700;;;STARFRUIT;SEASHELLS;4890.0;8
397700;;;AMETHYSTS;SEASHELLS;9998.0;4
397700;;;STARFRUIT;SEASHELLS;4889.0;1
398000;;;AMETHYSTS;SEASHELLS;10004.0;1
398000;;;AMETHYSTS;SEASHELLS;10004.0;10
398400;;;AMETHYSTS;SEASHELLS;9998.0;1
398700;;;STARFRUIT;SEASHELLS;4890.0;1
399000;;;STARFRUIT;SEASHELLS;4895.0;1
399100;;;STARFRUIT;SEASHELLS;4890.0;1
399200;;;STARFRUIT;SEASHELLS;4892.0;4
399900;;;AMETHYSTS;SEASHELLS;9996.0;2
400000;;;STARFRUIT;SEASHELLS;4890.0;1
400300;;;STARFRUIT;SEASHELLS;4890.0;1
400700;;;STARFRUIT;SEASHELLS;4892.0;1
400800;;;STARFRUIT;SEASHELLS;4896.0;1
401100;;;AMETHYSTS;SEASHELLS;9996.0;2
401100;;;STARFRUIT;SEASHELLS;4890.0;2
402100;;;STARFRUIT;SEASHELLS;4891.0;1
402400;;;AMETHYSTS;SEASHELLS;10002.0;1
402600;;;STARFRUIT;SEASHELLS;4895.0;1
403300;;;STARFRUIT;SEASHELLS;4892.0;2
403400;;;AMETHYSTS;SEASHELLS;10002.0;1
403400;;;STARFRUIT;SEASHELLS;4891.0;1
403600;;;AMETHYSTS;SEASHELLS;10002.0;2
403600;;;AMETHYSTS;SEASHELLS;10002.0;3
404300;;;STARFRUIT;SEASHELLS;4896.0;13
404300;;;STARFRUIT;SEASHELLS;4893.0;1
404400;;;STARFRUIT;SEASHELLS;4891.0;1
404500;;;STARFRUIT;SEASHELLS;4898.0;2
404500;;;AMETHYSTS;SEASHELLS;10005.0;2
404700;;;AMETHYSTS;SEASHELLS;9996.0;2
404700;;;AMETHYSTS;SEASHELLS;9996.0;7
404800;;;AMETHYSTS;SEASHELLS;9995.0;10
404800;;;STARFRUIT;SEASHELLS;4894.0;1
405000;;;STARFRUIT;SEASHELLS;4896.0;1
405000;;;AMETHYSTS;SEASHELLS;10002.0;1
405300;;;AMETHYSTS;SEASHELLS;9998.0;1
405300;;;AMETHYSTS;SEASHELLS;9998.0;1
405600;;;AMETHYSTS;SEASHELLS;9996.0;10
405600;;;STARFRUIT;SEASHELLS;4892.0;2
405600;;;AMETHYSTS;SEASHELLS;9996.0;2
405600;;;AMETHYSTS;SEASHELLS;9995.0;3
405600;;;AMETHYSTS;SEASHELLS;9995.0;2
405700;;;STARFRUIT;SEASHELLS;4898.0;7
407500;;;STARFRUIT;SEASHELLS;4894.0;12
407600;;;STARFRUIT;SEASHELLS;4895.0;1
407600;;;AMETHYSTS;SEASHELLS;10004.0;2
407600;;;AMETHYSTS;SEASHELLS;10004.0;1
407700;;;AMETHYSTS;SEASHELLS;10002.0;3
408200;;;AMETHYSTS;SEASHELLS;9996.0;10
408200;;;AMETHYSTS;SEASHELLS;9996.0;1
408400;;;STARFRUIT;SEASHELLS;4897.0;2
408400;;;AMETHYSTS;SEASHELLS;9998.0;2
408600;;;STARFRUIT;SEASHELLS;4896.0;2
408600;;;AMETHYSTS;SEASHELLS;10004.0;1
409000;;;AMETHYSTS;SEASHELLS;10002.0;1
409400;;;STARFRUIT;SEASHELLS;4896.0;2
409400;;;AMETHYSTS;SEASHELLS;10000.0;2
409700;;;STARFRUIT;SEASHELLS;4896.0;13
409900;;;STARFRUIT;SEASHELLS;4896.0;5
410000;;;STARFRUIT;SEASHELLS;4889.0;1
410000;;;STARFRUIT;SEASHELLS;4894.0;10
410100;;;STARFRUIT;SEASHELLS;4890.0;2
410100;;;AMETHYSTS;SEASHELLS;9998.0;2
410200;;;AMETHYSTS;SEASHELLS;9998.0;1
410400;;;STARFRUIT;SEASHELLS;4893.0;2
410400;;;STARFRUIT;SEASHELLS;4891.0;1
410800;;;AMETHYSTS;SEASHELLS;10002.0;1
410800;;;STARFRUIT;SEASHELLS;4890.0;2
411400;;;STARFRUIT;SEASHELLS;4891.0;1
411500;;;STARFRUIT;SEASHELLS;4892.0;1
411500;;;AMETHYSTS;SEASHELLS;9998.0;2
411700;;;STARFRUIT;SEASHELLS;4897.0;1
411800;;;STARFRUIT;SEASHELLS;4898.0;1
413100;;;STARFRUIT;SEASHELLS;4892.0;1
413200;;;STARFRUIT;SEASHELLS;4892.0;19
413300;;;STARFRUIT;SEASHELLS;4897.0;1
413400;;;STARFRUIT;SEASHELLS;4892.0;1
413500;;;AMETHYSTS;SEASHELLS;10002.0;1
413800;;;AMETHYSTS;SEASHELLS;9996.0;2
413800;;;STARFRUIT;SEASHELLS;4896.0;1
413900;;;STARFRUIT;SEASHELLS;4892.0;1
414400;;;STARFRUIT;SEASHELLS;4897.0;1
414400;;;AMETHYSTS;SEASHELLS;10004.0;1
414600;;;STARFRUIT;SEASHELLS;4897.0;1
414600;;;AMETHYSTS;SEASHELLS;9998.0;1
414600;;;AMETHYSTS;SEASHELLS;9998.0;3
415000;;;AMETHYSTS;SEASHELLS;10002.0;3
415200;;;STARFRUIT;SEASHELLS;4896.0;1
415300;;;AMETHYSTS;SEASHELLS;9998.0;1
415600;;;AMETHYSTS;SEASHELLS;10005.0;2
415600;;;STARFRUIT;SEASHELLS;4892.0;1
415800;;;AMETHYSTS;SEASHELLS;9996.0;2
415800;;;AMETHYSTS;SEASHELLS;9996.0;6
416100;;;STARFRUIT;SEASHELLS;4897.0;1
416200;;;AMETHYSTS;SEASHELLS;9998.0;1
416200;;;STARFRUIT;SEASHELLS;4892.0;11
416600;;;AMETHYSTS;SEASHELLS;9996.0;5
416600;;;AMETHYSTS;SEASHELLS;9996.0;2
416800;;;AMETHYSTS;SEASHELLS;9996.0;1
416800;;;STARFRUIT;SEASHELLS;4899.0;1
416800;;;AMETHYSTS;SEASHELLS;9996.0;6
416800;;;AMETHYSTS;SEASHELLS;9996.0;1
417000;;;AMETHYSTS;SEASHELLS;9998.0;2
417300;;;AMETHYSTS;SEASHELLS;10002.0;1
417600;;;STARFRUIT;SEASHELLS;4896.0;1
418000;;;STARFRUIT;SEASHELLS;4897.0;2
418200;;;STARFRUIT;SEASHELLS;4890.0;2
418200;;;AMETHYSTS;SEASHELLS;9996.0;1
418200;;;AMETHYSTS;SEASHELLS;9996.0;1
418400;;;AMETHYSTS;SEASHELLS;10004.0;2
418400;;;STARFRUIT;SEASHELLS;4897.0;2
418400;;;STARFRUIT;SEASHELLS;4895.0;1
418800;;;STARFRUIT;SEASHELLS;4895.0;1
418900;;;AMETHYSTS;SEASHELLS;9998.0;1
418900;;;STARFRUIT;SEASHELLS;4891.0;1
418900;;;AMETHYSTS;SEASHELLS;10005.0;10
419000;;;STARFRUIT;SEASHELLS;4895.0;4
419600;;;STARFRUIT;SEASHELLS;4891.0;1
419600;;;AMETHYSTS;SEASHELLS;9996.0;1
419700;;;AMETHYSTS;SEASHELLS;10004.0;1
420000;;;STARFRUIT;SEASHELLS;4897.0;1
420200;;;STARFRUIT;SEASHELLS;4896.0;1
420200;;;AMETHYSTS;SEASHELLS;9995.0;2
420300;;;AMETHYSTS;SEASHELLS;10004.0;8
420300;;;AMETHYSTS;SEASHELLS;10004.0;1
420400;;;STARFRUIT;SEASHELLS;4896.0;1
420800;;;AMETHYSTS;SEASHELLS;9998.0;1
421100;;;STARFRUIT;SEASHELLS;4892.0;1
421400;;;STARFRUIT;SEASHELLS;4892.0;2
421400;;;AMETHYSTS;SEASHELLS;9996.0;2
422200;;;AMETHYSTS;SEASHELLS;10002.0;4
422300;;;STARFRUIT;SEASHELLS;4896.0;1
422300;;;STARFRUIT;SEASHELLS;4896.0;2
422400;;;STARFRUIT;SEASHELLS;4892.0;9
422400;;;STARFRUIT;SEASHELLS;4892.0;3
422700;;;STARFRUIT;SEASHELLS;4892.0;1
423300;;;AMETHYSTS;SEASHELLS;9998.0;1
423400;;;AMETHYSTS;SEASHELLS;9998.0;1
423700;;;STARFRUIT;SEASHELLS;4890.0;1
424000;;;STARFRUIT;SEASHELLS;4891.0;4
424800;;;AMETHYSTS;SEASHELLS;9995.0;6
425300;;;AMETHYSTS;SEASHELLS;9998.0;2
425500;;;STARFRUIT;SEASHELLS;4891.0;11
425500;;;STARFRUIT;SEASHELLS;4895.0;1
425600;;;STARFRUIT;SEASHELLS;4891.0;7
425600;;;STARFRUIT;SEASHELLS;4891.0;1
425700;;;STARFRUIT;SEASHELLS;4891.0;1
425800;;;STARFRUIT;SEASHELLS;4897.0;1
425800;;;AMETHYSTS;SEASHELLS;9998.0;2
425800;;;AMETHYSTS;SEASHELLS;10000.0;1
425800;;;AMETHYSTS;SEASHELLS;10000.0;4
425900;;;AMETHYSTS;SEASHELLS;9998.0;1
425900;;;AMETHYSTS;SEASHELLS;9998.0;4
426500;;;STARFRUIT;SEASHELLS;4896.0;1
426600;;;AMETHYSTS;SEASHELLS;9998.0;10
426800;;;STARFRUIT;SEASHELLS;4895.0;1
427100;;;STARFRUIT;SEASHELLS;4896.0;3
427100;;;STARFRUIT;SEASHELLS;4896.0;1
427500;;;STARFRUIT;SEASHELLS;4894.0;3
427500;;;AMETHYSTS;SEASHELLS;10002.0;8
427800;;;STARFRUIT;SEASHELLS;4894.0;1
428000;;;STARFRUIT;SEASHELLS;4894.0;7
428000;;;STARFRUIT;SEASHELLS;4894.0;5
428200;;;AMETHYSTS;SEASHELLS;10002.0;1
428300;;;STARFRUIT;SEASHELLS;4893.0;1
428300;;;AMETHYSTS;SEASHELLS;9998.0;2
428900;;;STARFRUIT;SEASHELLS;4892.0;1
429000;;;AMETHYSTS;SEASHELLS;10004.0;1
429100;;;STARFRUIT;SEASHELLS;4893.0;1
429100;;;STARFRUIT;SEASHELLS;4893.0;1
429100;;;AMETHYSTS;SEASHELLS;9996.0;1
429100;;;AMETHYSTS;SEASHELLS;9996.0;1
429600;;;AMETHYSTS;SEASHELLS;9996.0;1
429600;;;STARFRUIT;SEASHELLS;4898.0;1
429800;;;STARFRUIT;SEASHELLS;4893.0;1
429900;;;AMETHYSTS;SEASHELLS;9996.0;1
429900;;;STARFRUIT;SEASHELLS;4893.0;1
429900;;;STARFRUIT;SEASHELLS;4892.0;6
430000;;;STARFRUIT;SEASHELLS;4897.0;4
430200;;;AMETHYSTS;SEASHELLS;9998.0;1
430400;;;AMETHYSTS;SEASHELLS;10002.0;4
431100;;;STARFRUIT;SEASHELLS;4895.0;1
431400;;;STARFRUIT;SEASHELLS;4900.0;1
431900;;;STARFRUIT;SEASHELLS;4896.0;3
431900;;;AMETHYSTS;SEASHELLS;10002.0;1
433000;;;STARFRUIT;SEASHELLS;4899.0;1
433000;;;STARFRUIT;SEASHELLS;4895.0;7
433100;;;STARFRUIT;SEASHELLS;4899.0;1
433100;;;AMETHYSTS;SEASHELLS;10002.0;1
433400;;;STARFRUIT;SEASHELLS;4898.0;7
433500;;;AMETHYSTS;SEASHELLS;9996.0;2
433500;;;STARFRUIT;SEASHELLS;4895.0;2
433800;;;AMETHYSTS;SEASHELLS;10002.0;1
434400;;;STARFRUIT;SEASHELLS;4896.0;13
434500;;;AMETHYSTS;SEASHELLS;10004.0;1
434500;;;STARFRUIT;SEASHELLS;4891.0;1
434500;;;STARFRUIT;SEASHELLS;4897.0;1
434600;;;AMETHYSTS;SEASHELLS;9998.0;3
434600;;;AMETHYSTS;SEASHELLS;9998.0;6
434800;;;STARFRUIT;SEASHELLS;4892.0;3
434900;;;AMETHYSTS;SEASHELLS;9996.0;1
434900;;;STARFRUIT;SEASHELLS;4891.0;1
435000;;;AMETHYSTS;SEASHELLS;9998.0;1
435600;;;STARFRUIT;SEASHELLS;4890.0;1
435700;;;STARFRUIT;SEASHELLS;4890.0;2
435700;;;AMETHYSTS;SEASHELLS;10000.0;2
436100;;;STARFRUIT;SEASHELLS;4895.0;1
436200;;;STARFRUIT;SEASHELLS;4891.0;2
436500;;;AMETHYSTS;SEASHELLS;10002.0;1
436900;;;AMETHYSTS;SEASHELLS;10002.0;1
436900;;;STARFRUIT;SEASHELLS;4890.0;1
437300;;;STARFRUIT;SEASHELLS;4895.0;1
437300;;;AMETHYSTS;SEASHELLS;9996.0;1
437700;;;STARFRUIT;SEASHELLS;4896.0;16
438000;;;STARFRUIT;SEASHELLS;4894.0;6
438000;;;STARFRUIT;SEASHELLS;4894.0;4
438000;;;STARFRUIT;SEASHELLS;4889.0;1
438400;;;STARFRUIT;SEASHELLS;4895.0;1
438600;;;STARFRUIT;SEASHELLS;4897.0;7
438600;;;AMETHYSTS;SEASHELLS;9998.0;1
438700;;;AMETHYSTS;SEASHELLS;10002.0;1
438700;;;STARFRUIT;SEASHELLS;4891.0;1
438800;;;AMETHYSTS;SEASHELLS;9998.0;1
438800;;;STARFRUIT;SEASHELLS;4895.0;1
438800;;;STARFRUIT;SEASHELLS;4895.0;9
438800;;;STARFRUIT;SEASHELLS;4891.0;1
439000;;;STARFRUIT;SEASHELLS;4891.0;1
439100;;;STARFRUIT;SEASHELLS;4891.0;1
439300;;;AMETHYSTS;SEASHELLS;10004.0;1
439300;;;STARFRUIT;SEASHELLS;4891.0;7
439300;;;STARFRUIT;SEASHELLS;4891.0;2
439300;;;AMETHYSTS;SEASHELLS;10004.0;1
439500;;;STARFRUIT;SEASHELLS;4896.0;6
439500;;;AMETHYSTS;SEASHELLS;9998.0;2
439600;;;AMETHYSTS;SEASHELLS;10002.0;1
439700;;;AMETHYSTS;SEASHELLS;10002.0;1
439800;;;STARFRUIT;SEASHELLS;4894.0;1
439800;;;STARFRUIT;SEASHELLS;4894.0;3
439800;;;STARFRUIT;SEASHELLS;4891.0;6
440000;;;STARFRUIT;SEASHELLS;4895.0;1
440000;;;AMETHYSTS;SEASHELLS;10002.0;1
440000;;;STARFRUIT;SEASHELLS;4896.0;2
440100;;;AMETHYSTS;SEASHELLS;10002.0;4
441200;;;STARFRUIT;SEASHELLS;4892.0;1
441300;;;AMETHYSTS;SEASHELLS;10002.0;2
441400;;;STARFRUIT;SEASHELLS;4892.0;1
441400;;;STARFRUIT;SEASHELLS;4892.0;1
441700;;;STARFRUIT;SEASHELLS;4896.0;1
441700;;;STARFRUIT;SEASHELLS;4898.0;2
441700;;;AMETHYSTS;SEASHELLS;9998.0;1
442200;;;AMETHYSTS;SEASHELLS;10002.0;1
442400;;;STARFRUIT;SEASHELLS;4898.0;1
442400;;;AMETHYSTS;SEASHELLS;10002.0;2
443000;;;STARFRUIT;SEASHELLS;4898.0;4
443100;;;AMETHYSTS;SEASHELLS;10002.0;1
443100;;;STARFRUIT;SEASHELLS;4896.0;2
443300;;;STARFRUIT;SEASHELLS;4893.0;2
443300;;;STARFRUIT;SEASHELLS;4892.0;1
443800;;;STARFRUIT;SEASHELLS;4893.0;2
444600;;;STARFRUIT;SEASHELLS;4894.0;5
444700;;;AMETHYSTS;SEASHELLS;9996.0;2
444700;;;AMETHYSTS;SEASHELLS;9996.0;5
444800;;;STARFRUIT;SEASHELLS;4891.0;1
445200;;;AMETHYSTS;SEASHELLS;9995.0;1
445200;;;STARFRUIT;SEASHELLS;4897.0;1
445400;;;STARFRUIT;SEASHELLS;4893.0;1
445400;;;AMETHYSTS;SEASHELLS;9996.0;1
445700;;;AMETHYSTS;SEASHELLS;9998.0;1
445700;;;STARFRUIT;SEASHELLS;4897.0;2
446300;;;AMETHYSTS;SEASHELLS;9998.0;4
446400;;;AMETHYSTS;SEASHELLS;9998.0;1
446600;;;STARFRUIT;SEASHELLS;4896.0;1
446800;;;AMETHYSTS;SEASHELLS;10002.0;3
447100;;;STARFRUIT;SEASHELLS;4895.0;1
447800;;;STARFRUIT;SEASHELLS;4890.0;1
447800;;;AMETHYSTS;SEASHELLS;9998.0;6
447800;;;AMETHYSTS;SEASHELLS;9998.0;2
447900;;;AMETHYSTS;SEASHELLS;10002.0;1
447900;;;STARFRUIT;SEASHELLS;4894.0;1
448200;;;AMETHYSTS;SEASHELLS;10004.0;1
448200;;;STARFRUIT;SEASHELLS;4891.0;1
448400;;;STARFRUIT;SEASHELLS;4897.0;11
448400;;;AMETHYSTS;SEASHELLS;9998.0;1
448600;;;AMETHYSTS;SEASHELLS;10002.0;1
448700;;;STARFRUIT;SEASHELLS;4890.0;1
448800;;;STARFRUIT;SEASHELLS;4890.0;1
448800;;;AMETHYSTS;SEASHELLS;9998.0;1
449500;;;AMETHYSTS;SEASHELLS;10002.0;5
449500;;;AMETHYSTS;SEASHELLS;10005.0;12
449500;;;AMETHYSTS;SEASHELLS;10002.0;1
449700;;;AMETHYSTS;SEASHELLS;9998.0;9
449800;;;STARFRUIT;SEASHELLS;4889.0;5
449900;;;STARFRUIT;SEASHELLS;4888.0;1
449900;;;AMETHYSTS;SEASHELLS;9995.0;1
450700;;;AMETHYSTS;SEASHELLS;10002.0;1
450700;;;AMETHYSTS;SEASHELLS;10004.0;2
450700;;;AMETHYSTS;SEASHELLS;10004.0;5
450900;;;AMETHYSTS;SEASHELLS;9998.0;2
450900;;;AMETHYSTS;SEASHELLS;9998.0;1
450900;;;STARFRUIT;SEASHELLS;4889.0;2
451300;;;STARFRUIT;SEASHELLS;4887.0;1
451500;;;AMETHYSTS;SEASHELLS;9998.0;2
451500;;;STARFRUIT;SEASHELLS;4888.0;2
452000;;;AMETHYSTS;SEASHELLS;10002.0;1
452000;;;AMETHYSTS;SEASHELLS;10002.0;3
452900;;;STARFRUIT;SEASHELLS;4889.0;1
453300;;;STARFRUIT;SEASHELLS;4890.0;1
453300;;;AMETHYSTS;SEASHELLS;9998.0;1
453400;;;AMETHYSTS;SEASHELLS;10005.0;2
453400;;;STARFRUIT;SEASHELLS;4895.0;2
453400;;;STARFRUIT;SEASHELLS;4893.0;1
453700;;;STARFRUIT;SEASHELLS;4892.0;1
453800;;;STARFRUIT;SEASHELLS;4888.0;1
453900;;;STARFRUIT;SEASHELLS;4888.0;1
454500;;;AMETHYSTS;SEASHELLS;10002.0;1
454800;;;STARFRUIT;SEASHELLS;4888.0;1
454800;;;AMETHYSTS;SEASHELLS;9998.0;1
455200;;;AMETHYSTS;SEASHELLS;9996.0;1
455200;;;STARFRUIT;SEASHELLS;4887.0;1
455500;;;STARFRUIT;SEASHELLS;4893.0;1
455600;;;AMETHYSTS;SEASHELLS;10002.0;1
455700;;;STARFRUIT;SEASHELLS;4894.0;11
455700;;;AMETHYSTS;SEASHELLS;9998.0;1
455800;;;AMETHYSTS;SEASHELLS;9998.0;1
456700;;;AMETHYSTS;SEASHELLS;9998.0;2
457100;;;AMETHYSTS;SEASHELLS;9998.0;1
457900;;;STARFRUIT;SEASHELLS;4889.0;1
458100;;;STARFRUIT;SEASHELLS;4890.0;9
459100;;;STARFRUIT;SEASHELLS;4894.0;15
459200;;;STARFRUIT;SEASHELLS;4894.0;2
459200;;;STARFRUIT;SEASHELLS;4892.0;2
459200;;;STARFRUIT;SEASHELLS;4892.0;2
459200;;;STARFRUIT;SEASHELLS;4892.0;0
459200;;;AMETHYSTS;SEASHELLS;10002.0;2
459200;;;STARFRUIT;SEASHELLS;4892.0;8
459600;;;AMETHYSTS;SEASHELLS;10002.0;1
459900;;;STARFRUIT;SEASHELLS;4887.0;5
460000;;;AMETHYSTS;SEASHELLS;10004.0;1
460000;;;STARFRUIT;SEASHELLS;4892.0;1
460100;;;STARFRUIT;SEASHELLS;4890.0;1
460500;;;STARFRUIT;SEASHELLS;4890.0;1
460800;;;STARFRUIT;SEASHELLS;4890.0;7
461300;;;AMETHYSTS;SEASHELLS;9998.0;1
461300;;;STARFRUIT;SEASHELLS;4890.0;1
461400;;;STARFRUIT;SEASHELLS;4886.0;1
461500;;;AMETHYSTS;SEASHELLS;10002.0;3
461500;;;STARFRUIT;SEASHELLS;4891.0;1
461700;;;STARFRUIT;SEASHELLS;4890.0;5
462000;;;AMETHYSTS;SEASHELLS;9998.0;1
462300;;;AMETHYSTS;SEASHELLS;9996.0;1
462700;;;AMETHYSTS;SEASHELLS;10002.0;1
462900;;;AMETHYSTS;SEASHELLS;9998.0;2
462900;;;AMETHYSTS;SEASHELLS;9998.0;1
463000;;;STARFRUIT;SEASHELLS;4885.0;6
463000;;;AMETHYSTS;SEASHELLS;10002.0;1
463000;;;STARFRUIT;SEASHELLS;4886.0;13
463000;;;AMETHYSTS;SEASHELLS;10004.0;1
463000;;;AMETHYSTS;SEASHELLS;10002.0;3
463000;;;STARFRUIT;SEASHELLS;4886.0;1
463000;;;STARFRUIT;SEASHELLS;4886.0;2
463100;;;AMETHYSTS;SEASHELLS;9998.0;4
463300;;;STARFRUIT;SEASHELLS;4885.0;1
463800;;;AMETHYSTS;SEASHELLS;10002.0;1
464000;;;STARFRUIT;SEASHELLS;4886.0;5
464000;;;AMETHYSTS;SEASHELLS;9998.0;5
464000;;;STARFRUIT;SEASHELLS;4886.0;1
464300;;;STARFRUIT;SEASHELLS;4886.0;1
464500;;;AMETHYSTS;SEASHELLS;9998.0;3
464500;;;AMETHYSTS;SEASHELLS;10004.0;1
464500;;;STARFRUIT;SEASHELLS;4889.0;3
464500;;;AMETHYSTS;SEASHELLS;10004.0;1
464500;;;STARFRUIT;SEASHELLS;4889.0;2
464700;;;AMETHYSTS;SEASHELLS;10002.0;1
465000;;;AMETHYSTS;SEASHELLS;9998.0;3
465200;;;AMETHYSTS;SEASHELLS;9998.0;1
465600;;;AMETHYSTS;SEASHELLS;9996.0;1
465600;;;AMETHYSTS;SEASHELLS;9996.0;1
465600;;;STARFRUIT;SEASHELLS;4886.0;2
465700;;;STARFRUIT;SEASHELLS;4891.0;1
465800;;;AMETHYSTS;SEASHELLS;9998.0;1
466000;;;AMETHYSTS;SEASHELLS;9998.0;1
466200;;;AMETHYSTS;SEASHELLS;9995.0;2
466200;;;STARFRUIT;SEASHELLS;4886.0;2
466300;;;AMETHYSTS;SEASHELLS;10004.0;2
466400;;;AMETHYSTS;SEASHELLS;10002.0;1
466600;;;STARFRUIT;SEASHELLS;4892.0;1
466600;;;AMETHYSTS;SEASHELLS;9996.0;1
466800;;;AMETHYSTS;SEASHELLS;10002.0;1
466900;;;STARFRUIT;SEASHELLS;4888.0;1
466900;;;AMETHYSTS;SEASHELLS;9998.0;2
467200;;;AMETHYSTS;SEASHELLS;10002.0;1
467900;;;STARFRUIT;SEASHELLS;4887.0;1
468100;;;STARFRUIT;SEASHELLS;4891.0;5
468500;;;STARFRUIT;SEASHELLS;4890.0;5
468800;;;AMETHYSTS;SEASHELLS;10004.0;1
468800;;;AMETHYSTS;SEASHELLS;10004.0;2
469100;;;STARFRUIT;SEASHELLS;4892.0;1
469900;;;STARFRUIT;SEASHELLS;4889.0;1
469900;;;AMETHYSTS;SEASHELLS;10002.0;1
470000;;;AMETHYSTS;SEASHELLS;10004.0;1
470000;;;STARFRUIT;SEASHELLS;4894.0;1
470400;;;STARFRUIT;SEASHELLS;4887.0;1
470600;;;STARFRUIT;SEASHELLS;4887.0;1
470900;;;STARFRUIT;SEASHELLS;4892.0;1
471400;;;STARFRUIT;SEASHELLS;4892.0;2
471400;;;STARFRUIT;SEASHELLS;4892.0;1
471500;;;AMETHYSTS;SEASHELLS;10004.0;2
471500;;;STARFRUIT;SEASHELLS;4894.0;2
471600;;;STARFRUIT;SEASHELLS;4893.0;1
472300;;;AMETHYSTS;SEASHELLS;9998.0;1
472300;;;STARFRUIT;SEASHELLS;4887.0;1
472400;;;AMETHYSTS;SEASHELLS;9998.0;1
473000;;;STARFRUIT;SEASHELLS;4888.0;1
473100;;;AMETHYSTS;SEASHELLS;10004.0;2
473200;;;STARFRUIT;SEASHELLS;4887.0;1
473300;;;AMETHYSTS;SEASHELLS;10002.0;1
473300;;;AMETHYSTS;SEASHELLS;10002.0;1
473300;;;STARFRUIT;SEASHELLS;4892.0;1
473300;;;STARFRUIT;SEASHELLS;4892.0;1
473500;;;AMETHYSTS;SEASHELLS;9998.0;2
473600;;;STARFRUIT;SEASHELLS;4892.0;2
473600;;;AMETHYSTS;SEASHELLS;10002.0;2
473800;;;AMETHYSTS;SEASHELLS;10004.0;2
473800;;;AMETHYSTS;SEASHELLS;10004.0;2
473900;;;STARFRUIT;SEASHELLS;4887.0;1
474600;;;AMETHYSTS;SEASHELLS;10002.0;1
475000;;;STARFRUIT;SEASHELLS;4886.0;1
475500;;;AMETHYSTS;SEASHELLS;10002.0;1
475700;;;STARFRUIT;SEASHELLS;4887.0;1
476600;;;AMETHYSTS;SEASHELLS;10004.0;2
476600;;;AMETHYSTS;SEASHELLS;10004.0;6
476700;;;STARFRUIT;SEASHELLS;4891.0;1
476800;;;STARFRUIT;SEASHELLS;4886.0;1
477000;;;STARFRUIT;SEASHELLS;4892.0;1
477100;;;STARFRUIT;SEASHELLS;4887.0;1
477400;;;STARFRUIT;SEASHELLS;4893.0;1
477400;;;AMETHYSTS;SEASHELLS;10005.0;1
477600;;;STARFRUIT;SEASHELLS;4886.0;1
477700;;;STARFRUIT;SEASHELLS;4887.0;5
477800;;;AMETHYSTS;SEASHELLS;10002.0;1
477800;;;AMETHYSTS;SEASHELLS;10002.0;1
478000;;;AMETHYSTS;SEASHELLS;9998.0;1
478100;;;AMETHYSTS;SEASHELLS;10005.0;6
478200;;;AMETHYSTS;SEASHELLS;9998.0;1
478800;;;STARFRUIT;SEASHELLS;4892.0;1
479500;;;STARFRUIT;SEASHELLS;4888.0;2
479500;;;AMETHYSTS;SEASHELLS;9995.0;2
479700;;;AMETHYSTS;SEASHELLS;9998.0;3
480000;;;STARFRUIT;SEASHELLS;4892.0;1
480000;;;AMETHYSTS;SEASHELLS;10005.0;1
480200;;;AMETHYSTS;SEASHELLS;9995.0;6
480300;;;STARFRUIT;SEASHELLS;4886.0;5
480700;;;STARFRUIT;SEASHELLS;4885.0;1
480800;;;STARFRUIT;SEASHELLS;4885.0;1
481400;;;STARFRUIT;SEASHELLS;4887.0;1
481600;;;AMETHYSTS;SEASHELLS;10002.0;1
481900;;;AMETHYSTS;SEASHELLS;10005.0;2
481900;;;STARFRUIT;SEASHELLS;4890.0;2
482000;;;STARFRUIT;SEASHELLS;4882.0;1
482100;;;STARFRUIT;SEASHELLS;4882.0;2
482100;;;STARFRUIT;SEASHELLS;4882.0;10
482100;;;STARFRUIT;SEASHELLS;4881.0;3
482700;;;AMETHYSTS;SEASHELLS;10004.0;1
482700;;;STARFRUIT;SEASHELLS;4887.0;1
483000;;;AMETHYSTS;SEASHELLS;10002.0;2
483000;;;AMETHYSTS;SEASHELLS;10002.0;3
483000;;;STARFRUIT;SEASHELLS;4886.0;1
483100;;;STARFRUIT;SEASHELLS;4881.0;5
483100;;;STARFRUIT;SEASHELLS;4881.0;1
483100;;;STARFRUIT;SEASHELLS;4881.0;13
483300;;;AMETHYSTS;SEASHELLS;10002.0;6
483300;;;STARFRUIT;SEASHELLS;4881.0;1
483400;;;STARFRUIT;SEASHELLS;4880.0;1
483400;;;AMETHYSTS;SEASHELLS;10000.0;1
483600;;;STARFRUIT;SEASHELLS;4881.0;1
483900;;;AMETHYSTS;SEASHELLS;10004.0;1
483900;;;STARFRUIT;SEASHELLS;4883.0;1
484000;;;STARFRUIT;SEASHELLS;4882.0;1
484200;;;AMETHYSTS;SEASHELLS;9998.0;1
484300;;;AMETHYSTS;SEASHELLS;9998.0;1
484500;;;AMETHYSTS;SEASHELLS;9998.0;1
484500;;;STARFRUIT;SEASHELLS;4882.0;1
484700;;;AMETHYSTS;SEASHELLS;10002.0;1
485200;;;AMETHYSTS;SEASHELLS;10004.0;2
485200;;;STARFRUIT;SEASHELLS;4887.0;2
485300;;;AMETHYSTS;SEASHELLS;9998.0;4
485300;;;AMETHYSTS;SEASHELLS;9998.0;1
485300;;;STARFRUIT;SEASHELLS;4886.0;1
485400;;;STARFRUIT;SEASHELLS;4887.0;13
485600;;;AMETHYSTS;SEASHELLS;10002.0;5
485700;;;STARFRUIT;SEASHELLS;4881.0;1
486100;;;STARFRUIT;SEASHELLS;4881.0;12
486500;;;AMETHYSTS;SEASHELLS;9998.0;1
486600;;;AMETHYSTS;SEASHELLS;10005.0;2
486600;;;STARFRUIT;SEASHELLS;4887.0;2
487200;;;STARFRUIT;SEASHELLS;4882.0;2
487200;;;AMETHYSTS;SEASHELLS;10002.0;3
487200;;;STARFRUIT;SEASHELLS;4885.0;1
487400;;;AMETHYSTS;SEASHELLS;9995.0;1
487400;;;STARFRUIT;SEASHELLS;4879.0;1
487500;;;STARFRUIT;SEASHELLS;4879.0;2
487600;;;AMETHYSTS;SEASHELLS;10004.0;9
487600;;;AMETHYSTS;SEASHELLS;10004.0;2
487600;;;STARFRUIT;SEASHELLS;4883.0;1
488200;;;AMETHYSTS;SEASHELLS;10002.0;1
488200;;;STARFRUIT;SEASHELLS;4885.0;8
488200;;;STARFRUIT;SEASHELLS;4885.0;9
488500;;;AMETHYSTS;SEASHELLS;10005.0;1
488500;;;STARFRUIT;SEASHELLS;4885.0;1
488500;;;STARFRUIT;SEASHELLS;4886.0;1
489300;;;AMETHYSTS;SEASHELLS;9995.0;12
489400;;;STARFRUIT;SEASHELLS;4884.0;1
489500;;;STARFRUIT;SEASHELLS;4878.0;1
489500;;;AMETHYSTS;SEASHELLS;9996.0;1
489600;;;STARFRUIT;SEASHELLS;4878.0;1
489600;;;AMETHYSTS;SEASHELLS;9995.0;1
489700;;;STARFRUIT;SEASHELLS;4879.0;5
491100;;;AMETHYSTS;SEASHELLS;9998.0;5
491200;;;STARFRUIT;SEASHELLS;4887.0;10
491600;;;AMETHYSTS;SEASHELLS;10002.0;3
491600;;;AMETHYSTS;SEASHELLS;10002.0;1
491800;;;AMETHYSTS;SEASHELLS;10002.0;1
492200;;;STARFRUIT;SEASHELLS;4885.0;11
492200;;;AMETHYSTS;SEASHELLS;10005.0;8
492400;;;STARFRUIT;SEASHELLS;4881.0;1
492700;;;STARFRUIT;SEASHELLS;4886.0;1
493000;;;AMETHYSTS;SEASHELLS;10004.0;1
493200;;;AMETHYSTS;SEASHELLS;9998.0;4
493200;;;AMETHYSTS;SEASHELLS;9998.0;1
493300;;;STARFRUIT;SEASHELLS;4887.0;1
493500;;;AMETHYSTS;SEASHELLS;9996.0;1
493900;;;AMETHYSTS;SEASHELLS;10002.0;1
494100;;;AMETHYSTS;SEASHELLS;10002.0;1
494200;;;STARFRUIT;SEASHELLS;4883.0;2
494500;;;AMETHYSTS;SEASHELLS;10002.0;3
494700;;;STARFRUIT;SEASHELLS;4882.0;5
494800;;;STARFRUIT;SEASHELLS;4886.0;1
494800;;;AMETHYSTS;SEASHELLS;10002.0;1
494900;;;STARFRUIT;SEASHELLS;4882.0;11
495000;;;STARFRUIT;SEASHELLS;4881.0;1
495500;;;STARFRUIT;SEASHELLS;4881.0;1
496000;;;STARFRUIT;SEASHELLS;4882.0;1
496200;;;STARFRUIT;SEASHELLS;4882.0;1
