timestamp;buyer;seller;symbol;currency;price;quantity
100;;;AMETHYSTS;SEASHELLS;10002.0;1
100;;;STARFRUIT;SEASHELLS;4875.0;1
200;;;STARFRUIT;SEASHELLS;4876.0;1
200;;;AMETHYSTS;SEASHELLS;10004.0;1
300;;;STARFRUIT;SEASHELLS;4873.0;1
400;;;STARFRUIT;SEASHELLS;4871.0;5
500;;;STARFRUIT;SEASHELLS;4874.0;1
800;;;AMETHYSTS;SEASHELLS;9996.0;1
800;;;STARFRUIT;SEASHELLS;4871.0;1
1000;;;STARFRUIT;SEASHELLS;4875.0;10
1200;;;STARFRUIT;SEASHELLS;4868.0;1
1300;;;DIVING_GEAR;SEASHELLS;98906.0;3
1300;;;AMETHYSTS;SEASHELLS;10002.0;1
1500;;;STARFRUIT;SEASHELLS;4874.0;1
1500;;;AMETHYSTS;SEASHELLS;9998.0;4
1700;;;STARFRUIT;SEASHELLS;4870.0;2
1900;;;STARFRUIT;SEASHELLS;4868.0;1
1900;;;PINA_COLADAS;SEASHELLS;14998.0;13
2100;;;COCONUTS;SEASHELLS;7998.0;53
2600;;;AMETHYSTS;SEASHELLS;10002.0;4
2600;;;AMETHYSTS;SEASHELLS;10002.0;1
2600;;;STARFRUIT;SEASHELLS;4872.0;2
2600;;;STARFRUIT;SEASHELLS;4872.0;4
3000;;;STARFRUIT;SEASHELLS;4874.0;1
3100;;;AMETHYSTS;SEASHELLS;9998.0;1
3200;;;AMETHYSTS;SEASHELLS;10002.0;5
3200;;;BERRIES;SEASHELLS;3921.0;9
3300;;;AMETHYSTS;SEASHELLS;10002.0;1
3500;;;STARFRUIT;SEASHELLS;4874.0;10
3500;;;BERRIES;SEASHELLS;3914.0;6
3500;;;STARFRUIT;SEASHELLS;4874.0;10
3700;;;BERRIES;SEASHELLS;3914.0;10
3700;;;AMETHYSTS;SEASHELLS;9998.0;1
4200;;;STARFRUIT;SEASHELLS;4876.0;6
4200;;;AMETHYSTS;SEASHELLS;10002.0;5
4200;;;STARFRUIT;SEASHELLS;4876.0;1
4900;;;STARFRUIT;SEASHELLS;4871.0;7
5100;;;DIVING_GEAR;SEASHELLS;98967.0;2
5400;;;AMETHYSTS;SEASHELLS;10005.0;1
5400;;;STARFRUIT;SEASHELLS;4879.0;1
5400;;;STARFRUIT;SEASHELLS;4879.0;15
5400;;;BERRIES;SEASHELLS;3920.0;4
5500;;;AMETHYSTS;SEASHELLS;10004.0;1
5700;;;BERRIES;SEASHELLS;3920.0;19
6200;;;STARFRUIT;SEASHELLS;4878.0;1
6700;;;AMETHYSTS;SEASHELLS;10004.0;1
6700;;;STARFRUIT;SEASHELLS;4879.0;1
6800;;;STARFRUIT;SEASHELLS;4873.0;1
6900;;;BERRIES;SEASHELLS;3920.0;19
7100;;;COCONUTS;SEASHELLS;7996.0;56
7200;;;AMETHYSTS;SEASHELLS;10002.0;1
7200;;;AMETHYSTS;SEASHELLS;9996.0;1
7600;;;AMETHYSTS;SEASHELLS;10002.0;1
8000;;;STARFRUIT;SEASHELLS;4875.0;1
8100;;;BERRIES;SEASHELLS;3922.0;4
8200;;;STARFRUIT;SEASHELLS;4871.0;1
8200;;;AMETHYSTS;SEASHELLS;9996.0;1
8300;;;COCONUTS;SEASHELLS;7992.0;46
8900;;;BERRIES;SEASHELLS;3923.0;1
9100;;;AMETHYSTS;SEASHELLS;9998.0;1
9300;;;COCONUTS;SEASHELLS;7993.0;6
9400;;;AMETHYSTS;SEASHELLS;10002.0;1
9500;;;AMETHYSTS;SEASHELLS;10002.0;1
9700;;;AMETHYSTS;SEASHELLS;10002.0;1
9900;;;STARFRUIT;SEASHELLS;4867.0;9
10000;;;PINA_COLADAS;SEASHELLS;14980.0;4
10200;;;DIVING_GEAR;SEASHELLS;98942.0;3
10300;;;STARFRUIT;SEASHELLS;4873.0;1
10300;;;AMETHYSTS;SEASHELLS;10004.0;1
10500;;;COCONUTS;SEASHELLS;7991.0;10
10700;;;AMETHYSTS;SEASHELLS;9998.0;3
10800;;;BERRIES;SEASHELLS;3915.0;14
11000;;;STARFRUIT;SEASHELLS;4867.0;9
11500;;;BERRIES;SEASHELLS;3916.0;18
11900;;;AMETHYSTS;SEASHELLS;10002.0;1
12500;;;COCONUTS;SEASHELLS;7991.0;10
12700;;;AMETHYSTS;SEASHELLS;10002.0;1
12700;;;AMETHYSTS;SEASHELLS;10002.0;1
12800;;;BERRIES;SEASHELLS;3918.0;11
13300;;;COCONUTS;SEASHELLS;7992.0;24
13300;;;AMETHYSTS;SEASHELLS;10002.0;2
13700;;;STARFRUIT;SEASHELLS;4870.0;2
13700;;;AMETHYSTS;SEASHELLS;10002.0;1
14000;;;STARFRUIT;SEASHELLS;4868.0;1
14000;;;AMETHYSTS;SEASHELLS;10002.0;5
14000;;;DIVING_GEAR;SEASHELLS;98969.0;2
14000;;;AMETHYSTS;SEASHELLS;10002.0;1
14300;;;STARFRUIT;SEASHELLS;4871.0;2
14400;;;AMETHYSTS;SEASHELLS;10002.0;2
14400;;;STARFRUIT;SEASHELLS;4867.0;1
14400;;;STARFRUIT;SEASHELLS;4867.0;2
14400;;;AMETHYSTS;SEASHELLS;10002.0;2
14600;;;STARFRUIT;SEASHELLS;4867.0;1
14600;;;STARFRUIT;SEASHELLS;4872.0;1
14800;;;STARFRUIT;SEASHELLS;4868.0;4
14800;;;AMETHYSTS;SEASHELLS;9998.0;1
15000;;;STARFRUIT;SEASHELLS;4865.0;1
15100;;;AMETHYSTS;SEASHELLS;9998.0;1
15100;;;PINA_COLADAS;SEASHELLS;14985.0;27
15400;;;PINA_COLADAS;SEASHELLS;14979.0;4
15400;;;STARFRUIT;SEASHELLS;4871.0;12
15800;;;STARFRUIT;SEASHELLS;4870.0;2
15800;;;AMETHYSTS;SEASHELLS;10004.0;2
16000;;;STARFRUIT;SEASHELLS;4863.0;2
16000;;;STARFRUIT;SEASHELLS;4863.0;5
16200;;;STARFRUIT;SEASHELLS;4863.0;1
16200;;;AMETHYSTS;SEASHELLS;10002.0;3
16300;;;AMETHYSTS;SEASHELLS;9996.0;1
16300;;;DIVING_GEAR;SEASHELLS;98911.0;2
16300;;;AMETHYSTS;SEASHELLS;9996.0;1
16400;;;COCONUTS;SEASHELLS;7993.0;44
16500;;;DIVING_GEAR;SEASHELLS;98906.0;2
16600;;;DIVING_GEAR;SEASHELLS;98915.0;3
16700;;;DIVING_GEAR;SEASHELLS;98921.0;1
16800;;;BERRIES;SEASHELLS;3918.0;5
17100;;;DIVING_GEAR;SEASHELLS;98905.0;1
17300;;;DIVING_GEAR;SEASHELLS;98927.0;1
17300;;;BERRIES;SEASHELLS;3917.0;10
17300;;;PINA_COLADAS;SEASHELLS;14981.0;2
17400;;;STARFRUIT;SEASHELLS;4868.0;2
17400;;;AMETHYSTS;SEASHELLS;9998.0;2
17700;;;DIVING_GEAR;SEASHELLS;98923.0;1
17900;;;AMETHYSTS;SEASHELLS;9998.0;1
17900;;;AMETHYSTS;SEASHELLS;9998.0;1
17900;;;STARFRUIT;SEASHELLS;4866.0;1
17900;;;AMETHYSTS;SEASHELLS;9998.0;2
18200;;;AMETHYSTS;SEASHELLS;9996.0;1
18200;;;DIVING_GEAR;SEASHELLS;98932.0;2
18200;;;STARFRUIT;SEASHELLS;4862.0;1
18200;;;AMETHYSTS;SEASHELLS;10002.0;9
18900;;;STARFRUIT;SEASHELLS;4866.0;8
18900;;;AMETHYSTS;SEASHELLS;10002.0;1
19000;;;DIVING_GEAR;SEASHELLS;98916.0;1
19300;;;STARFRUIT;SEASHELLS;4863.0;2
19300;;;STARFRUIT;SEASHELLS;4863.0;13
19300;;;AMETHYSTS;SEASHELLS;9998.0;2
19300;;;AMETHYSTS;SEASHELLS;9998.0;6
19600;;;AMETHYSTS;SEASHELLS;10002.0;1
19600;;;STARFRUIT;SEASHELLS;4863.0;5
19600;;;STARFRUIT;SEASHELLS;4863.0;4
19900;;;DIVING_GEAR;SEASHELLS;98946.0;2
19900;;;AMETHYSTS;SEASHELLS;9996.0;1
20000;;;AMETHYSTS;SEASHELLS;9998.0;1
20000;;;STARFRUIT;SEASHELLS;4863.0;12
20100;;;COCONUTS;SEASHELLS;7989.0;10
20200;;;AMETHYSTS;SEASHELLS;10002.0;1
20500;;;BERRIES;SEASHELLS;3911.0;4
20600;;;STARFRUIT;SEASHELLS;4865.0;2
20600;;;AMETHYSTS;SEASHELLS;9998.0;2
20800;;;COCONUTS;SEASHELLS;7989.0;10
20900;;;STARFRUIT;SEASHELLS;4860.0;1
21000;;;STARFRUIT;SEASHELLS;4861.0;13
21200;;;STARFRUIT;SEASHELLS;4865.0;1
21200;;;AMETHYSTS;SEASHELLS;9998.0;1
21500;;;DIVING_GEAR;SEASHELLS;98934.0;3
21600;;;DIVING_GEAR;SEASHELLS;98934.0;3
21600;;;STARFRUIT;SEASHELLS;4864.0;1
21600;;;STARFRUIT;SEASHELLS;4864.0;1
21700;;;BERRIES;SEASHELLS;3915.0;13
21900;;;PINA_COLADAS;SEASHELLS;14967.0;2
21900;;;BERRIES;SEASHELLS;3922.0;14
22100;;;STARFRUIT;SEASHELLS;4865.0;1
22200;;;AMETHYSTS;SEASHELLS;10002.0;1
22400;;;AMETHYSTS;SEASHELLS;10002.0;1
22500;;;STARFRUIT;SEASHELLS;4866.0;1
22800;;;STARFRUIT;SEASHELLS;4861.0;1
22800;;;STARFRUIT;SEASHELLS;4867.0;6
22800;;;AMETHYSTS;SEASHELLS;10002.0;1
22800;;;STARFRUIT;SEASHELLS;4861.0;1
22900;;;STARFRUIT;SEASHELLS;4861.0;1
23000;;;STARFRUIT;SEASHELLS;4865.0;1
23000;;;AMETHYSTS;SEASHELLS;10002.0;1
23200;;;STARFRUIT;SEASHELLS;4860.0;1
23400;;;DIVING_GEAR;SEASHELLS;98908.0;1
23500;;;STARFRUIT;SEASHELLS;4865.0;1
23600;;;STARFRUIT;SEASHELLS;4861.0;1
24300;;;STARFRUIT;SEASHELLS;4862.0;1
24300;;;AMETHYSTS;SEASHELLS;10002.0;1
24300;;;DIVING_GEAR;SEASHELLS;98892.0;3
24400;;;STARFRUIT;SEASHELLS;4868.0;17
24600;;;STARFRUIT;SEASHELLS;4864.0;2
25100;;;STARFRUIT;SEASHELLS;4867.0;1
25100;;;AMETHYSTS;SEASHELLS;9998.0;1
25400;;;BERRIES;SEASHELLS;3917.0;10
25500;;;BERRIES;SEASHELLS;3921.0;3
25900;;;BERRIES;SEASHELLS;3917.0;2
25900;;;STARFRUIT;SEASHELLS;4871.0;2
25900;;;AMETHYSTS;SEASHELLS;10004.0;2
26200;;;AMETHYSTS;SEASHELLS;10002.0;1
26300;;;STARFRUIT;SEASHELLS;4865.0;1
26300;;;AMETHYSTS;SEASHELLS;10002.0;4
26600;;;AMETHYSTS;SEASHELLS;9998.0;4
26700;;;STARFRUIT;SEASHELLS;4872.0;1
26700;;;PINA_COLADAS;SEASHELLS;14959.0;5
26800;;;AMETHYSTS;SEASHELLS;10002.0;1
27100;;;STARFRUIT;SEASHELLS;4871.0;1
27100;;;AMETHYSTS;SEASHELLS;9998.0;1
27200;;;STARFRUIT;SEASHELLS;4871.0;1
27300;;;STARFRUIT;SEASHELLS;4866.0;1
27400;;;AMETHYSTS;SEASHELLS;9998.0;6
27400;;;AMETHYSTS;SEASHELLS;9998.0;3
27500;;;STARFRUIT;SEASHELLS;4873.0;19
27600;;;STARFRUIT;SEASHELLS;4872.0;1
27800;;;AMETHYSTS;SEASHELLS;9998.0;3
28100;;;AMETHYSTS;SEASHELLS;10004.0;2
28100;;;AMETHYSTS;SEASHELLS;10004.0;1
28200;;;COCONUTS;SEASHELLS;7990.0;46
28200;;;COCONUTS;SEASHELLS;7990.0;17
28500;;;STARFRUIT;SEASHELLS;4868.0;1
28500;;;STARFRUIT;SEASHELLS;4868.0;18
28600;;;STARFRUIT;SEASHELLS;4867.0;1
28600;;;STARFRUIT;SEASHELLS;4867.0;10
28700;;;STARFRUIT;SEASHELLS;4868.0;1
29000;;;AMETHYSTS;SEASHELLS;10002.0;1
29400;;;AMETHYSTS;SEASHELLS;10002.0;1
29500;;;STARFRUIT;SEASHELLS;4865.0;1
29800;;;AMETHYSTS;SEASHELLS;10005.0;5
29900;;;STARFRUIT;SEASHELLS;4872.0;19
30200;;;AMETHYSTS;SEASHELLS;9998.0;1
30200;;;STARFRUIT;SEASHELLS;4867.0;2
30600;;;AMETHYSTS;SEASHELLS;10002.0;1
31000;;;AMETHYSTS;SEASHELLS;10002.0;1
31000;;;STARFRUIT;SEASHELLS;4871.0;1
31100;;;STARFRUIT;SEASHELLS;4871.0;1
31100;;;PINA_COLADAS;SEASHELLS;14943.0;2
31100;;;AMETHYSTS;SEASHELLS;10002.0;1
31200;;;STARFRUIT;SEASHELLS;4866.0;1
31200;;;AMETHYSTS;SEASHELLS;10002.0;1
31200;;;AMETHYSTS;SEASHELLS;10002.0;6
31200;;;COCONUTS;SEASHELLS;7979.0;14
31400;;;AMETHYSTS;SEASHELLS;10002.0;3
31600;;;AMETHYSTS;SEASHELLS;9998.0;3
31600;;;AMETHYSTS;SEASHELLS;9998.0;1
31700;;;AMETHYSTS;SEASHELLS;10002.0;1
31700;;;AMETHYSTS;SEASHELLS;9995.0;3
32000;;;BERRIES;SEASHELLS;3929.0;3
32100;;;STARFRUIT;SEASHELLS;4866.0;2
32100;;;AMETHYSTS;SEASHELLS;9998.0;2
32300;;;STARFRUIT;SEASHELLS;4866.0;4
32400;;;STARFRUIT;SEASHELLS;4867.0;2
32500;;;AMETHYSTS;SEASHELLS;10002.0;1
32500;;;BERRIES;SEASHELLS;3929.0;13
32800;;;BERRIES;SEASHELLS;3921.0;14
33000;;;STARFRUIT;SEASHELLS;4866.0;14
33000;;;STARFRUIT;SEASHELLS;4866.0;2
33400;;;DIVING_GEAR;SEASHELLS;98920.0;3
33600;;;AMETHYSTS;SEASHELLS;9998.0;2
33700;;;BERRIES;SEASHELLS;3920.0;16
33800;;;STARFRUIT;SEASHELLS;4871.0;4
33900;;;AMETHYSTS;SEASHELLS;10004.0;11
33900;;;AMETHYSTS;SEASHELLS;10004.0;1
34000;;;STARFRUIT;SEASHELLS;4871.0;1
34000;;;BERRIES;SEASHELLS;3926.0;20
34200;;;AMETHYSTS;SEASHELLS;10002.0;1
34300;;;STARFRUIT;SEASHELLS;4865.0;1
34600;;;DIVING_GEAR;SEASHELLS;98898.0;3
34800;;;STARFRUIT;SEASHELLS;4865.0;1
34800;;;STARFRUIT;SEASHELLS;4865.0;3
35100;;;BERRIES;SEASHELLS;3924.0;3
35400;;;AMETHYSTS;SEASHELLS;10002.0;1
35600;;;PINA_COLADAS;SEASHELLS;14956.0;11
36000;;;DIVING_GEAR;SEASHELLS;98923.0;3
36500;;;STARFRUIT;SEASHELLS;4863.0;1
36700;;;AMETHYSTS;SEASHELLS;10002.0;1
36700;;;AMETHYSTS;SEASHELLS;10002.0;1
36800;;;STARFRUIT;SEASHELLS;4865.0;2
37300;;;AMETHYSTS;SEASHELLS;9996.0;1
37600;;;AMETHYSTS;SEASHELLS;10004.0;9
37600;;;STARFRUIT;SEASHELLS;4869.0;1
37600;;;AMETHYSTS;SEASHELLS;10004.0;1
37800;;;AMETHYSTS;SEASHELLS;10004.0;2
37800;;;STARFRUIT;SEASHELLS;4870.0;2
37900;;;DIVING_GEAR;SEASHELLS;98914.0;1
38700;;;STARFRUIT;SEASHELLS;4864.0;1
38700;;;PINA_COLADAS;SEASHELLS;14954.0;5
38700;;;AMETHYSTS;SEASHELLS;10004.0;2
39100;;;STARFRUIT;SEASHELLS;4869.0;1
39100;;;BERRIES;SEASHELLS;3921.0;2
39100;;;AMETHYSTS;SEASHELLS;9998.0;1
39200;;;STARFRUIT;SEASHELLS;4863.0;2
39200;;;AMETHYSTS;SEASHELLS;9995.0;2
39700;;;STARFRUIT;SEASHELLS;4862.0;1
39700;;;BERRIES;SEASHELLS;3925.0;11
40200;;;BERRIES;SEASHELLS;3916.0;2
40500;;;STARFRUIT;SEASHELLS;4863.0;5
40600;;;AMETHYSTS;SEASHELLS;10002.0;1
40700;;;STARFRUIT;SEASHELLS;4866.0;1
41100;;;STARFRUIT;SEASHELLS;4865.0;7
41400;;;STARFRUIT;SEASHELLS;4862.0;5
41800;;;STARFRUIT;SEASHELLS;4864.0;4
41800;;;STARFRUIT;SEASHELLS;4862.0;1
42000;;;AMETHYSTS;SEASHELLS;9998.0;1
42200;;;STARFRUIT;SEASHELLS;4868.0;12
42400;;;STARFRUIT;SEASHELLS;4863.0;1
42400;;;AMETHYSTS;SEASHELLS;9996.0;1
42800;;;BERRIES;SEASHELLS;3916.0;1
43000;;;COCONUTS;SEASHELLS;7977.0;19
43000;;;COCONUTS;SEASHELLS;7977.0;48
43100;;;COCONUTS;SEASHELLS;7979.0;8
43200;;;AMETHYSTS;SEASHELLS;9996.0;2
43600;;;AMETHYSTS;SEASHELLS;10002.0;2
43900;;;AMETHYSTS;SEASHELLS;10002.0;4
43900;;;AMETHYSTS;SEASHELLS;10002.0;1
43900;;;AMETHYSTS;SEASHELLS;10002.0;2
43900;;;STARFRUIT;SEASHELLS;4864.0;1
44300;;;AMETHYSTS;SEASHELLS;9998.0;2
44300;;;BERRIES;SEASHELLS;3917.0;9
44400;;;BERRIES;SEASHELLS;3917.0;7
44600;;;PINA_COLADAS;SEASHELLS;14944.0;31
44600;;;PINA_COLADAS;SEASHELLS;14944.0;3
44700;;;BERRIES;SEASHELLS;3924.0;5
44700;;;STARFRUIT;SEASHELLS;4869.0;1
44800;;;COCONUTS;SEASHELLS;7977.0;46
45000;;;STARFRUIT;SEASHELLS;4864.0;1
45000;;;BERRIES;SEASHELLS;3924.0;12
45200;;;AMETHYSTS;SEASHELLS;10002.0;1
45200;;;STARFRUIT;SEASHELLS;4864.0;1
45200;;;PINA_COLADAS;SEASHELLS;14938.0;4
45300;;;STARFRUIT;SEASHELLS;4864.0;1
45400;;;STARFRUIT;SEASHELLS;4864.0;4
45400;;;STARFRUIT;SEASHELLS;4864.0;4
45500;;;AMETHYSTS;SEASHELLS;9998.0;3
45800;;;STARFRUIT;SEASHELLS;4865.0;7
45900;;;STARFRUIT;SEASHELLS;4865.0;1
46000;;;AMETHYSTS;SEASHELLS;9998.0;1
46400;;;COCONUTS;SEASHELLS;7971.0;8
46400;;;STARFRUIT;SEASHELLS;4869.0;1
46500;;;AMETHYSTS;SEASHELLS;9998.0;1
46600;;;STARFRUIT;SEASHELLS;4869.0;1
46900;;;STARFRUIT;SEASHELLS;4865.0;11
47200;;;STARFRUIT;SEASHELLS;4870.0;1
47200;;;BERRIES;SEASHELLS;3922.0;19
47400;;;AMETHYSTS;SEASHELLS;9998.0;1
47700;;;BERRIES;SEASHELLS;3922.0;6
48000;;;AMETHYSTS;SEASHELLS;10002.0;1
48100;;;COCONUTS;SEASHELLS;7975.0;8
48200;;;STARFRUIT;SEASHELLS;4864.0;1
48200;;;DIVING_GEAR;SEASHELLS;98949.0;2
48300;;;DIVING_GEAR;SEASHELLS;98963.0;3
48300;;;STARFRUIT;SEASHELLS;4869.0;1
48400;;;BERRIES;SEASHELLS;3915.0;2
48600;;;DIVING_GEAR;SEASHELLS;98973.0;3
48900;;;STARFRUIT;SEASHELLS;4865.0;1
49000;;;AMETHYSTS;SEASHELLS;10004.0;1
49000;;;PINA_COLADAS;SEASHELLS;14950.0;4
49000;;;AMETHYSTS;SEASHELLS;10004.0;1
49600;;;DIVING_GEAR;SEASHELLS;98966.0;2
49800;;;PINA_COLADAS;SEASHELLS;14944.0;3
49800;;;STARFRUIT;SEASHELLS;4863.0;1
49800;;;AMETHYSTS;SEASHELLS;10002.0;1
49800;;;STARFRUIT;SEASHELLS;4868.0;1
50000;;;STARFRUIT;SEASHELLS;4868.0;2
50100;;;AMETHYSTS;SEASHELLS;10002.0;4
50600;;;STARFRUIT;SEASHELLS;4871.0;1
50900;;;STARFRUIT;SEASHELLS;4866.0;1
50900;;;PINA_COLADAS;SEASHELLS;14942.0;5
51200;;;DIVING_GEAR;SEASHELLS;99002.0;3
51500;;;AMETHYSTS;SEASHELLS;9995.0;2
51500;;;STARFRUIT;SEASHELLS;4866.0;13
51500;;;STARFRUIT;SEASHELLS;4866.0;2
51600;;;DIVING_GEAR;SEASHELLS;98994.0;2
52000;;;AMETHYSTS;SEASHELLS;9998.0;1
52100;;;STARFRUIT;SEASHELLS;4873.0;18
52200;;;DIVING_GEAR;SEASHELLS;98971.0;3
52200;;;STARFRUIT;SEASHELLS;4866.0;1
52200;;;AMETHYSTS;SEASHELLS;10002.0;1
52400;;;AMETHYSTS;SEASHELLS;10002.0;4
52400;;;AMETHYSTS;SEASHELLS;10002.0;3
52400;;;BERRIES;SEASHELLS;3916.0;9
52500;;;PINA_COLADAS;SEASHELLS;14953.0;14
52600;;;AMETHYSTS;SEASHELLS;10004.0;1
52700;;;STARFRUIT;SEASHELLS;4872.0;1
52800;;;STARFRUIT;SEASHELLS;4871.0;1
52800;;;STARFRUIT;SEASHELLS;4867.0;8
53100;;;AMETHYSTS;SEASHELLS;9998.0;5
53600;;;STARFRUIT;SEASHELLS;4869.0;10
53600;;;STARFRUIT;SEASHELLS;4869.0;2
53600;;;DIVING_GEAR;SEASHELLS;99025.0;3
54000;;;AMETHYSTS;SEASHELLS;10002.0;1
54100;;;AMETHYSTS;SEASHELLS;10004.0;1
54100;;;STARFRUIT;SEASHELLS;4875.0;1
54100;;;STARFRUIT;SEASHELLS;4875.0;1
54100;;;AMETHYSTS;SEASHELLS;10004.0;1
54100;;;COCONUTS;SEASHELLS;7978.0;6
54200;;;STARFRUIT;SEASHELLS;4869.0;1
54300;;;AMETHYSTS;SEASHELLS;10002.0;1
54300;;;STARFRUIT;SEASHELLS;4869.0;2
54600;;;AMETHYSTS;SEASHELLS;10002.0;2
54700;;;STARFRUIT;SEASHELLS;4875.0;1
54700;;;AMETHYSTS;SEASHELLS;10004.0;1
54700;;;STARFRUIT;SEASHELLS;4875.0;1
54700;;;AMETHYSTS;SEASHELLS;10005.0;2
54700;;;AMETHYSTS;SEASHELLS;10004.0;4
54900;;;STARFRUIT;SEASHELLS;4874.0;1
55200;;;STARFRUIT;SEASHELLS;4869.0;1
55300;;;AMETHYSTS;SEASHELLS;10002.0;5
55300;;;STARFRUIT;SEASHELLS;4875.0;1
55300;;;AMETHYSTS;SEASHELLS;10002.0;3
55400;;;AMETHYSTS;SEASHELLS;9998.0;6
55400;;;DIVING_GEAR;SEASHELLS;98988.0;3
55400;;;DIVING_GEAR;SEASHELLS;98991.0;3
55900;;;STARFRUIT;SEASHELLS;4872.0;1
55900;;;AMETHYSTS;SEASHELLS;9998.0;4
56100;;;BERRIES;SEASHELLS;3919.0;10
56400;;;STARFRUIT;SEASHELLS;4870.0;4
56500;;;AMETHYSTS;SEASHELLS;10002.0;6
56700;;;AMETHYSTS;SEASHELLS;9998.0;1
57100;;;STARFRUIT;SEASHELLS;4874.0;1
57100;;;AMETHYSTS;SEASHELLS;9998.0;1
57200;;;STARFRUIT;SEASHELLS;4871.0;5
57500;;;BERRIES;SEASHELLS;3912.0;10
57600;;;AMETHYSTS;SEASHELLS;9998.0;1
57900;;;DIVING_GEAR;SEASHELLS;99012.0;1
58100;;;AMETHYSTS;SEASHELLS;10005.0;7
58300;;;BERRIES;SEASHELLS;3919.0;3
58500;;;STARFRUIT;SEASHELLS;4870.0;3
58600;;;AMETHYSTS;SEASHELLS;9996.0;1
58600;;;STARFRUIT;SEASHELLS;4870.0;1
58800;;;STARFRUIT;SEASHELLS;4876.0;2
58800;;;COCONUTS;SEASHELLS;7973.0;5
58800;;;AMETHYSTS;SEASHELLS;10004.0;1
58800;;;AMETHYSTS;SEASHELLS;10004.0;1
58900;;;STARFRUIT;SEASHELLS;4875.0;1
58900;;;STARFRUIT;SEASHELLS;4876.0;2
58900;;;AMETHYSTS;SEASHELLS;10004.0;2
59100;;;BERRIES;SEASHELLS;3918.0;3
59100;;;AMETHYSTS;SEASHELLS;9998.0;1
59400;;;AMETHYSTS;SEASHELLS;10002.0;1
59600;;;AMETHYSTS;SEASHELLS;10002.0;1
59800;;;STARFRUIT;SEASHELLS;4871.0;9
59800;;;STARFRUIT;SEASHELLS;4871.0;9
59900;;;STARFRUIT;SEASHELLS;4871.0;2
59900;;;AMETHYSTS;SEASHELLS;9996.0;2
60000;;;STARFRUIT;SEASHELLS;4876.0;10
60000;;;AMETHYSTS;SEASHELLS;9998.0;3
60000;;;STARFRUIT;SEASHELLS;4876.0;1
60200;;;DIVING_GEAR;SEASHELLS;99003.0;1
60300;;;STARFRUIT;SEASHELLS;4872.0;3
60300;;;STARFRUIT;SEASHELLS;4872.0;14
60400;;;AMETHYSTS;SEASHELLS;9996.0;2
60400;;;AMETHYSTS;SEASHELLS;9998.0;1
60400;;;AMETHYSTS;SEASHELLS;9996.0;5
60600;;;STARFRUIT;SEASHELLS;4872.0;1
60600;;;AMETHYSTS;SEASHELLS;9996.0;1
60600;;;BERRIES;SEASHELLS;3918.0;11
60700;;;STARFRUIT;SEASHELLS;4872.0;1
60700;;;DIVING_GEAR;SEASHELLS;99024.0;3
60800;;;STARFRUIT;SEASHELLS;4878.0;1
61000;;;AMETHYSTS;SEASHELLS;9998.0;1
61100;;;STARFRUIT;SEASHELLS;4874.0;4
61200;;;STARFRUIT;SEASHELLS;4874.0;1
61400;;;DIVING_GEAR;SEASHELLS;99028.0;1
61500;;;STARFRUIT;SEASHELLS;4878.0;1
62100;;;BERRIES;SEASHELLS;3910.0;5
62600;;;STARFRUIT;SEASHELLS;4879.0;12
62700;;;BERRIES;SEASHELLS;3913.0;13
62700;;;AMETHYSTS;SEASHELLS;9998.0;1
62800;;;AMETHYSTS;SEASHELLS;9995.0;12
63000;;;STARFRUIT;SEASHELLS;4875.0;9
63100;;;AMETHYSTS;SEASHELLS;9998.0;1
63100;;;PINA_COLADAS;SEASHELLS;14962.0;13
63300;;;AMETHYSTS;SEASHELLS;10002.0;1
63300;;;AMETHYSTS;SEASHELLS;10002.0;4
63300;;;STARFRUIT;SEASHELLS;4880.0;1
63600;;;STARFRUIT;SEASHELLS;4880.0;1
63800;;;BERRIES;SEASHELLS;3910.0;2
64300;;;DIVING_GEAR;SEASHELLS;99039.0;2
64600;;;AMETHYSTS;SEASHELLS;9996.0;2
64900;;;AMETHYSTS;SEASHELLS;9998.0;4
65000;;;STARFRUIT;SEASHELLS;4880.0;1
65200;;;STARFRUIT;SEASHELLS;4874.0;1
65400;;;DIVING_GEAR;SEASHELLS;99057.0;2
65400;;;STARFRUIT;SEASHELLS;4880.0;1
65700;;;STARFRUIT;SEASHELLS;4882.0;5
65700;;;STARFRUIT;SEASHELLS;4875.0;1
65800;;;AMETHYSTS;SEASHELLS;10002.0;1
66000;;;COCONUTS;SEASHELLS;7971.0;16
66100;;;AMETHYSTS;SEASHELLS;10004.0;2
66100;;;STARFRUIT;SEASHELLS;4881.0;2
66200;;;AMETHYSTS;SEASHELLS;10002.0;1
66300;;;STARFRUIT;SEASHELLS;4879.0;5
66600;;;BERRIES;SEASHELLS;3917.0;18
66600;;;AMETHYSTS;SEASHELLS;10002.0;2
66700;;;STARFRUIT;SEASHELLS;4877.0;2
66800;;;DIVING_GEAR;SEASHELLS;99019.0;2
67300;;;STARFRUIT;SEASHELLS;4873.0;8
67300;;;STARFRUIT;SEASHELLS;4873.0;1
67400;;;AMETHYSTS;SEASHELLS;9996.0;4
67400;;;AMETHYSTS;SEASHELLS;9996.0;1
67800;;;STARFRUIT;SEASHELLS;4872.0;16
67800;;;AMETHYSTS;SEASHELLS;9996.0;3
67800;;;AMETHYSTS;SEASHELLS;9996.0;2
67900;;;DIVING_GEAR;SEASHELLS;99004.0;1
68000;;;STARFRUIT;SEASHELLS;4878.0;1
68000;;;AMETHYSTS;SEASHELLS;10002.0;1
68000;;;BERRIES;SEASHELLS;3910.0;14
68200;;;STARFRUIT;SEASHELLS;4875.0;2
68200;;;BERRIES;SEASHELLS;3916.0;27
68200;;;AMETHYSTS;SEASHELLS;9998.0;1
68300;;;STARFRUIT;SEASHELLS;4874.0;8
68400;;;AMETHYSTS;SEASHELLS;10002.0;1
68500;;;AMETHYSTS;SEASHELLS;10004.0;1
68500;;;STARFRUIT;SEASHELLS;4879.0;1
68600;;;AMETHYSTS;SEASHELLS;9998.0;1
68900;;;STARFRUIT;SEASHELLS;4878.0;4
69100;;;AMETHYSTS;SEASHELLS;9996.0;1
69100;;;DIVING_GEAR;SEASHELLS;99020.0;1
69100;;;STARFRUIT;SEASHELLS;4874.0;1
69300;;;DIVING_GEAR;SEASHELLS;99027.0;1
69900;;;AMETHYSTS;SEASHELLS;10002.0;1
70100;;;STARFRUIT;SEASHELLS;4874.0;1
70200;;;COCONUTS;SEASHELLS;7968.0;56
70300;;;STARFRUIT;SEASHELLS;4880.0;1
70300;;;COCONUTS;SEASHELLS;7970.0;7
70300;;;AMETHYSTS;SEASHELLS;10004.0;1
70700;;;AMETHYSTS;SEASHELLS;10005.0;1
70700;;;STARFRUIT;SEASHELLS;4881.0;1
70900;;;STARFRUIT;SEASHELLS;4874.0;1
71000;;;AMETHYSTS;SEASHELLS;9998.0;8
71000;;;STARFRUIT;SEASHELLS;4879.0;1
71100;;;AMETHYSTS;SEASHELLS;9998.0;4
71200;;;AMETHYSTS;SEASHELLS;9998.0;1
71400;;;AMETHYSTS;SEASHELLS;10002.0;2
71600;;;STARFRUIT;SEASHELLS;4874.0;3
71700;;;DIVING_GEAR;SEASHELLS;99040.0;2
71700;;;STARFRUIT;SEASHELLS;4873.0;1
71700;;;AMETHYSTS;SEASHELLS;9998.0;1
71700;;;AMETHYSTS;SEASHELLS;9996.0;1
71800;;;BERRIES;SEASHELLS;3904.0;12
71900;;;STARFRUIT;SEASHELLS;4875.0;1
72100;;;AMETHYSTS;SEASHELLS;9998.0;1
72200;;;AMETHYSTS;SEASHELLS;9998.0;1
72600;;;STARFRUIT;SEASHELLS;4880.0;4
73100;;;COCONUTS;SEASHELLS;7967.0;27
73300;;;BERRIES;SEASHELLS;3904.0;7
73400;;;AMETHYSTS;SEASHELLS;10002.0;1
73500;;;DIVING_GEAR;SEASHELLS;99022.0;2
73600;;;STARFRUIT;SEASHELLS;4877.0;2
73600;;;AMETHYSTS;SEASHELLS;9995.0;2
73700;;;AMETHYSTS;SEASHELLS;10002.0;4
73800;;;STARFRUIT;SEASHELLS;4884.0;16
73900;;;AMETHYSTS;SEASHELLS;10005.0;2
73900;;;STARFRUIT;SEASHELLS;4884.0;2
74000;;;STARFRUIT;SEASHELLS;4878.0;2
74000;;;AMETHYSTS;SEASHELLS;9998.0;1
74100;;;STARFRUIT;SEASHELLS;4878.0;5
74200;;;STARFRUIT;SEASHELLS;4882.0;1
74200;;;AMETHYSTS;SEASHELLS;10002.0;1
74200;;;AMETHYSTS;SEASHELLS;10002.0;1
74200;;;STARFRUIT;SEASHELLS;4882.0;1
74300;;;AMETHYSTS;SEASHELLS;9998.0;1
74300;;;STARFRUIT;SEASHELLS;4883.0;1
74300;;;AMETHYSTS;SEASHELLS;10004.0;1
74500;;;STARFRUIT;SEASHELLS;4882.0;1
74500;;;STARFRUIT;SEASHELLS;4883.0;1
74600;;;AMETHYSTS;SEASHELLS;9998.0;2
74700;;;BERRIES;SEASHELLS;3907.0;3
75000;;;COCONUTS;SEASHELLS;7962.0;79
75000;;;COCONUTS;SEASHELLS;7962.0;1
75000;;;STARFRUIT;SEASHELLS;4877.0;1
75000;;;AMETHYSTS;SEASHELLS;9998.0;4
75000;;;AMETHYSTS;SEASHELLS;9996.0;1
75300;;;DIVING_GEAR;SEASHELLS;99052.0;3
75500;;;STARFRUIT;SEASHELLS;4877.0;1
75500;;;AMETHYSTS;SEASHELLS;9996.0;1
75700;;;STARFRUIT;SEASHELLS;4883.0;2
75700;;;AMETHYSTS;SEASHELLS;10004.0;2
75700;;;STARFRUIT;SEASHELLS;4883.0;7
75800;;;STARFRUIT;SEASHELLS;4876.0;3
75800;;;STARFRUIT;SEASHELLS;4882.0;1
75900;;;STARFRUIT;SEASHELLS;4878.0;3
76500;;;STARFRUIT;SEASHELLS;4877.0;12
76600;;;STARFRUIT;SEASHELLS;4884.0;2
76700;;;AMETHYSTS;SEASHELLS;9998.0;2
76700;;;STARFRUIT;SEASHELLS;4878.0;1
76700;;;DIVING_GEAR;SEASHELLS;99061.0;3
76700;;;STARFRUIT;SEASHELLS;4880.0;2
76800;;;COCONUTS;SEASHELLS;7964.0;47
76900;;;STARFRUIT;SEASHELLS;4877.0;1
76900;;;BERRIES;SEASHELLS;3906.0;9
77100;;;DIVING_GEAR;SEASHELLS;99050.0;2
77300;;;STARFRUIT;SEASHELLS;4878.0;1
77800;;;COCONUTS;SEASHELLS;7958.0;26
77900;;;STARFRUIT;SEASHELLS;4885.0;1
78200;;;AMETHYSTS;SEASHELLS;10002.0;1
78200;;;STARFRUIT;SEASHELLS;4886.0;1
78300;;;DIVING_GEAR;SEASHELLS;99067.0;1
78400;;;COCONUTS;SEASHELLS;7957.0;5
78500;;;AMETHYSTS;SEASHELLS;10004.0;1
78500;;;AMETHYSTS;SEASHELLS;10004.0;2
78700;;;AMETHYSTS;SEASHELLS;9996.0;5
78700;;;AMETHYSTS;SEASHELLS;9996.0;1
78800;;;STARFRUIT;SEASHELLS;4884.0;3
79200;;;AMETHYSTS;SEASHELLS;10002.0;3
79300;;;DIVING_GEAR;SEASHELLS;99049.0;1
79400;;;STARFRUIT;SEASHELLS;4879.0;19
79400;;;AMETHYSTS;SEASHELLS;10005.0;1
79400;;;STARFRUIT;SEASHELLS;4886.0;1
79500;;;STARFRUIT;SEASHELLS;4880.0;1
79500;;;AMETHYSTS;SEASHELLS;10004.0;2
79500;;;BERRIES;SEASHELLS;3901.0;8
79700;;;STARFRUIT;SEASHELLS;4880.0;4
80000;;;STARFRUIT;SEASHELLS;4879.0;1
80100;;;AMETHYSTS;SEASHELLS;9996.0;1
80100;;;STARFRUIT;SEASHELLS;4879.0;1
80500;;;STARFRUIT;SEASHELLS;4884.0;1
80500;;;AMETHYSTS;SEASHELLS;9998.0;1
80900;;;DIVING_GEAR;SEASHELLS;99069.0;1
81200;;;AMETHYSTS;SEASHELLS;10002.0;2
81200;;;STARFRUIT;SEASHELLS;4883.0;2
81300;;;AMETHYSTS;SEASHELLS;10004.0;2
81300;;;STARFRUIT;SEASHELLS;4883.0;1
81300;;;STARFRUIT;SEASHELLS;4884.0;2
81300;;;AMETHYSTS;SEASHELLS;10002.0;1
81500;;;AMETHYSTS;SEASHELLS;9998.0;1
81600;;;AMETHYSTS;SEASHELLS;10002.0;1
82000;;;AMETHYSTS;SEASHELLS;10002.0;1
82100;;;AMETHYSTS;SEASHELLS;9998.0;4
82200;;;STARFRUIT;SEASHELLS;4879.0;20
82300;;;AMETHYSTS;SEASHELLS;10004.0;2
82300;;;AMETHYSTS;SEASHELLS;10004.0;7
82400;;;STARFRUIT;SEASHELLS;4879.0;14
82500;;;AMETHYSTS;SEASHELLS;9998.0;3
82500;;;DIVING_GEAR;SEASHELLS;99078.0;2
82500;;;DIVING_GEAR;SEASHELLS;99080.0;1
82800;;;STARFRUIT;SEASHELLS;4884.0;4
82900;;;STARFRUIT;SEASHELLS;4886.0;16
83100;;;AMETHYSTS;SEASHELLS;9998.0;5
83600;;;AMETHYSTS;SEASHELLS;9998.0;1
83600;;;AMETHYSTS;SEASHELLS;9998.0;1
83600;;;STARFRUIT;SEASHELLS;4883.0;1
83600;;;STARFRUIT;SEASHELLS;4883.0;1
83800;;;AMETHYSTS;SEASHELLS;9995.0;11
83800;;;BERRIES;SEASHELLS;3908.0;11
83800;;;AMETHYSTS;SEASHELLS;9998.0;2
84000;;;STARFRUIT;SEASHELLS;4883.0;1
84700;;;AMETHYSTS;SEASHELLS;10002.0;1
84700;;;AMETHYSTS;SEASHELLS;10002.0;2
84800;;;BERRIES;SEASHELLS;3907.0;18
84900;;;STARFRUIT;SEASHELLS;4886.0;5
85100;;;AMETHYSTS;SEASHELLS;9996.0;1
85300;;;DIVING_GEAR;SEASHELLS;99018.0;2
85500;;;DIVING_GEAR;SEASHELLS;99025.0;3
85500;;;STARFRUIT;SEASHELLS;4886.0;1
85900;;;AMETHYSTS;SEASHELLS;10002.0;1
85900;;;AMETHYSTS;SEASHELLS;9998.0;8
86000;;;STARFRUIT;SEASHELLS;4882.0;1
86100;;;STARFRUIT;SEASHELLS;4882.0;1
86100;;;PINA_COLADAS;SEASHELLS;14954.0;2
86100;;;BERRIES;SEASHELLS;3908.0;12
86200;;;STARFRUIT;SEASHELLS;4885.0;1
86200;;;STARFRUIT;SEASHELLS;4885.0;3
86600;;;STARFRUIT;SEASHELLS;4882.0;1
86600;;;AMETHYSTS;SEASHELLS;10002.0;1
86700;;;STARFRUIT;SEASHELLS;4882.0;1
86900;;;PINA_COLADAS;SEASHELLS;14952.0;5
87000;;;AMETHYSTS;SEASHELLS;9996.0;1
87000;;;STARFRUIT;SEASHELLS;4882.0;1
87100;;;DIVING_GEAR;SEASHELLS;99026.0;3
87200;;;COCONUTS;SEASHELLS;7969.0;18
87300;;;AMETHYSTS;SEASHELLS;9996.0;5
87300;;;AMETHYSTS;SEASHELLS;9996.0;2
87400;;;STARFRUIT;SEASHELLS;4883.0;1
87600;;;STARFRUIT;SEASHELLS;4889.0;1
87700;;;STARFRUIT;SEASHELLS;4885.0;5
87800;;;AMETHYSTS;SEASHELLS;9998.0;1
87900;;;STARFRUIT;SEASHELLS;4889.0;1
88000;;;AMETHYSTS;SEASHELLS;10002.0;1
88200;;;STARFRUIT;SEASHELLS;4886.0;1
88200;;;STARFRUIT;SEASHELLS;4886.0;1
88200;;;AMETHYSTS;SEASHELLS;9998.0;1
88200;;;AMETHYSTS;SEASHELLS;9998.0;2
88500;;;AMETHYSTS;SEASHELLS;10005.0;1
88500;;;STARFRUIT;SEASHELLS;4890.0;1
89100;;;STARFRUIT;SEASHELLS;4885.0;1
89300;;;STARFRUIT;SEASHELLS;4885.0;4
89500;;;STARFRUIT;SEASHELLS;4885.0;19
89600;;;BERRIES;SEASHELLS;3901.0;11
89800;;;STARFRUIT;SEASHELLS;4890.0;1
89900;;;STARFRUIT;SEASHELLS;4892.0;1
89900;;;AMETHYSTS;SEASHELLS;10004.0;1
90100;;;AMETHYSTS;SEASHELLS;9998.0;1
90200;;;STARFRUIT;SEASHELLS;4892.0;1
90200;;;AMETHYSTS;SEASHELLS;10004.0;1
90300;;;STARFRUIT;SEASHELLS;4893.0;2
90300;;;AMETHYSTS;SEASHELLS;10005.0;2
90500;;;PINA_COLADAS;SEASHELLS;14945.0;3
90500;;;AMETHYSTS;SEASHELLS;10004.0;1
90500;;;STARFRUIT;SEASHELLS;4893.0;1
90600;;;STARFRUIT;SEASHELLS;4887.0;2
90600;;;STARFRUIT;SEASHELLS;4886.0;15
90700;;;AMETHYSTS;SEASHELLS;10005.0;1
90700;;;STARFRUIT;SEASHELLS;4893.0;1
91000;;;AMETHYSTS;SEASHELLS;10002.0;1
91100;;;DIVING_GEAR;SEASHELLS;99059.0;1
91600;;;STARFRUIT;SEASHELLS;4886.0;1
91700;;;COCONUTS;SEASHELLS;7962.0;40
91700;;;COCONUTS;SEASHELLS;7962.0;39
91800;;;STARFRUIT;SEASHELLS;4886.0;1
91900;;;PINA_COLADAS;SEASHELLS;14943.0;29
92100;;;DIVING_GEAR;SEASHELLS;99085.0;3
92200;;;AMETHYSTS;SEASHELLS;10002.0;3
92300;;;STARFRUIT;SEASHELLS;4885.0;1
92300;;;AMETHYSTS;SEASHELLS;10004.0;1
92300;;;STARFRUIT;SEASHELLS;4891.0;1
92400;;;STARFRUIT;SEASHELLS;4889.0;2
92400;;;AMETHYSTS;SEASHELLS;10002.0;2
92400;;;BERRIES;SEASHELLS;3902.0;4
93100;;;AMETHYSTS;SEASHELLS;10002.0;1
93500;;;BERRIES;SEASHELLS;3898.0;5
93600;;;STARFRUIT;SEASHELLS;4887.0;1
93600;;;AMETHYSTS;SEASHELLS;9998.0;1
93900;;;DIVING_GEAR;SEASHELLS;99079.0;1
94400;;;COCONUTS;SEASHELLS;7965.0;21
94500;;;BERRIES;SEASHELLS;3897.0;3
94700;;;STARFRUIT;SEASHELLS;4885.0;1
94800;;;AMETHYSTS;SEASHELLS;9996.0;1
94800;;;STARFRUIT;SEASHELLS;4880.0;2
94800;;;AMETHYSTS;SEASHELLS;9996.0;1
95100;;;STARFRUIT;SEASHELLS;4885.0;1
95300;;;STARFRUIT;SEASHELLS;4886.0;1
95600;;;AMETHYSTS;SEASHELLS;9998.0;1
95700;;;BERRIES;SEASHELLS;3897.0;3
95700;;;AMETHYSTS;SEASHELLS;10002.0;7
95800;;;STARFRUIT;SEASHELLS;4880.0;1
95800;;;AMETHYSTS;SEASHELLS;9998.0;1
95900;;;STARFRUIT;SEASHELLS;4887.0;12
95900;;;STARFRUIT;SEASHELLS;4885.0;1
96000;;;STARFRUIT;SEASHELLS;4885.0;1
96100;;;AMETHYSTS;SEASHELLS;10002.0;2
96100;;;STARFRUIT;SEASHELLS;4880.0;1
96100;;;STARFRUIT;SEASHELLS;4885.0;2
96300;;;STARFRUIT;SEASHELLS;4886.0;2
96600;;;STARFRUIT;SEASHELLS;4879.0;1
96800;;;COCONUTS;SEASHELLS;7973.0;45
97000;;;STARFRUIT;SEASHELLS;4880.0;10
97100;;;COCONUTS;SEASHELLS;7977.0;7
97200;;;STARFRUIT;SEASHELLS;4883.0;9
97900;;;AMETHYSTS;SEASHELLS;10002.0;3
98000;;;AMETHYSTS;SEASHELLS;10004.0;2
98000;;;AMETHYSTS;SEASHELLS;10004.0;3
98100;;;AMETHYSTS;SEASHELLS;9998.0;1
98100;;;DIVING_GEAR;SEASHELLS;99070.0;1
98100;;;BERRIES;SEASHELLS;3894.0;6
98100;;;STARFRUIT;SEASHELLS;4879.0;1
98400;;;DIVING_GEAR;SEASHELLS;99095.0;1
98500;;;AMETHYSTS;SEASHELLS;9998.0;1
98600;;;AMETHYSTS;SEASHELLS;10005.0;9
98800;;;BERRIES;SEASHELLS;3902.0;1
98900;;;AMETHYSTS;SEASHELLS;10005.0;2
98900;;;AMETHYSTS;SEASHELLS;10004.0;1
99100;;;PINA_COLADAS;SEASHELLS;14966.0;6
99200;;;AMETHYSTS;SEASHELLS;9995.0;2
99200;;;STARFRUIT;SEASHELLS;4879.0;2
99300;;;AMETHYSTS;SEASHELLS;9998.0;1
99300;;;STARFRUIT;SEASHELLS;4884.0;1
99500;;;AMETHYSTS;SEASHELLS;9998.0;3
99500;;;STARFRUIT;SEASHELLS;4886.0;14
99600;;;STARFRUIT;SEASHELLS;4881.0;1
99600;;;BERRIES;SEASHELLS;3901.0;4
99700;;;STARFRUIT;SEASHELLS;4881.0;2
99700;;;AMETHYSTS;SEASHELLS;9995.0;2
99900;;;STARFRUIT;SEASHELLS;4879.0;1
99900;;;DIVING_GEAR;SEASHELLS;99109.0;1
100200;;;PINA_COLADAS;SEASHELLS;14961.0;11
100400;;;DIVING_GEAR;SEASHELLS;99097.0;1
100400;;;AMETHYSTS;SEASHELLS;10002.0;1
100500;;;BERRIES;SEASHELLS;3894.0;12
100600;;;AMETHYSTS;SEASHELLS;10002.0;1
100700;;;AMETHYSTS;SEASHELLS;9998.0;1
100700;;;AMETHYSTS;SEASHELLS;9998.0;1
100700;;;AMETHYSTS;SEASHELLS;9998.0;6
101400;;;STARFRUIT;SEASHELLS;4886.0;1
101400;;;BERRIES;SEASHELLS;3892.0;1
101500;;;STARFRUIT;SEASHELLS;4886.0;1
101900;;;STARFRUIT;SEASHELLS;4886.0;1
102200;;;STARFRUIT;SEASHELLS;4880.0;6
102400;;;COCONUTS;SEASHELLS;7984.0;8
102500;;;DIVING_GEAR;SEASHELLS;99060.0;3
102500;;;BERRIES;SEASHELLS;3893.0;7
102500;;;AMETHYSTS;SEASHELLS;9998.0;1
102500;;;STARFRUIT;SEASHELLS;4885.0;2
102700;;;AMETHYSTS;SEASHELLS;9998.0;1
102800;;;STARFRUIT;SEASHELLS;4882.0;5
102900;;;AMETHYSTS;SEASHELLS;9995.0;6
103300;;;COCONUTS;SEASHELLS;7984.0;68
103300;;;DIVING_GEAR;SEASHELLS;99081.0;2
103400;;;STARFRUIT;SEASHELLS;4880.0;1
103600;;;AMETHYSTS;SEASHELLS;10002.0;2
103700;;;AMETHYSTS;SEASHELLS;10004.0;1
104400;;;STARFRUIT;SEASHELLS;4888.0;2
104400;;;AMETHYSTS;SEASHELLS;10005.0;2
104400;;;AMETHYSTS;SEASHELLS;10002.0;1
104500;;;AMETHYSTS;SEASHELLS;9996.0;2
104500;;;STARFRUIT;SEASHELLS;4881.0;2
104600;;;AMETHYSTS;SEASHELLS;9996.0;6
104600;;;AMETHYSTS;SEASHELLS;9996.0;2
104800;;;STARFRUIT;SEASHELLS;4886.0;1
104800;;;BERRIES;SEASHELLS;3903.0;1
104900;;;STARFRUIT;SEASHELLS;4888.0;1
105200;;;AMETHYSTS;SEASHELLS;10002.0;1
105300;;;AMETHYSTS;SEASHELLS;9998.0;1
105400;;;BERRIES;SEASHELLS;3905.0;4
105800;;;PINA_COLADAS;SEASHELLS;14977.0;22
105800;;;STARFRUIT;SEASHELLS;4884.0;2
105800;;;AMETHYSTS;SEASHELLS;9995.0;2
105900;;;STARFRUIT;SEASHELLS;4890.0;1
106300;;;STARFRUIT;SEASHELLS;4886.0;3
106300;;;AMETHYSTS;SEASHELLS;10002.0;5
106500;;;STARFRUIT;SEASHELLS;4889.0;1
106600;;;BERRIES;SEASHELLS;3907.0;9
106800;;;AMETHYSTS;SEASHELLS;10002.0;1
106900;;;BERRIES;SEASHELLS;3908.0;4
107500;;;COCONUTS;SEASHELLS;7982.0;6
107500;;;AMETHYSTS;SEASHELLS;10002.0;3
107800;;;DIVING_GEAR;SEASHELLS;99026.0;1
107900;;;BERRIES;SEASHELLS;3900.0;12
108400;;;AMETHYSTS;SEASHELLS;9998.0;5
108400;;;STARFRUIT;SEASHELLS;4885.0;6
108500;;;COCONUTS;SEASHELLS;7981.0;5
108600;;;AMETHYSTS;SEASHELLS;9998.0;4
108800;;;DIVING_GEAR;SEASHELLS;99041.0;2
108900;;;AMETHYSTS;SEASHELLS;9998.0;1
109000;;;AMETHYSTS;SEASHELLS;9998.0;1
109100;;;DIVING_GEAR;SEASHELLS;99051.0;3
109200;;;PINA_COLADAS;SEASHELLS;14978.0;3
109400;;;AMETHYSTS;SEASHELLS;10002.0;7
109400;;;STARFRUIT;SEASHELLS;4882.0;1
109500;;;STARFRUIT;SEASHELLS;4881.0;1
109500;;;AMETHYSTS;SEASHELLS;9995.0;10
110100;;;STARFRUIT;SEASHELLS;4885.0;10
110500;;;BERRIES;SEASHELLS;3900.0;7
110600;;;AMETHYSTS;SEASHELLS;10002.0;1
110700;;;AMETHYSTS;SEASHELLS;10002.0;1
110800;;;STARFRUIT;SEASHELLS;4886.0;1
110900;;;STARFRUIT;SEASHELLS;4887.0;1
110900;;;AMETHYSTS;SEASHELLS;10004.0;1
110900;;;STARFRUIT;SEASHELLS;4889.0;2
110900;;;AMETHYSTS;SEASHELLS;10004.0;1
111000;;;BERRIES;SEASHELLS;3891.0;13
111100;;;STARFRUIT;SEASHELLS;4888.0;1
111100;;;STARFRUIT;SEASHELLS;4888.0;1
111100;;;AMETHYSTS;SEASHELLS;10004.0;1
111100;;;AMETHYSTS;SEASHELLS;10004.0;1
111200;;;AMETHYSTS;SEASHELLS;10002.0;6
111500;;;STARFRUIT;SEASHELLS;4882.0;1
111600;;;STARFRUIT;SEASHELLS;4882.0;1
111900;;;AMETHYSTS;SEASHELLS;10002.0;3
112000;;;AMETHYSTS;SEASHELLS;10004.0;1
112000;;;STARFRUIT;SEASHELLS;4888.0;1
112400;;;AMETHYSTS;SEASHELLS;9995.0;6
113500;;;AMETHYSTS;SEASHELLS;9998.0;1
113700;;;STARFRUIT;SEASHELLS;4884.0;1
113700;;;AMETHYSTS;SEASHELLS;10002.0;1
113900;;;STARFRUIT;SEASHELLS;4885.0;1
114000;;;STARFRUIT;SEASHELLS;4880.0;5
114000;;;STARFRUIT;SEASHELLS;4880.0;4
114000;;;STARFRUIT;SEASHELLS;4880.0;1
114100;;;AMETHYSTS;SEASHELLS;10002.0;4
114300;;;DIVING_GEAR;SEASHELLS;98980.0;1
114300;;;AMETHYSTS;SEASHELLS;10002.0;6
114400;;;STARFRUIT;SEASHELLS;4880.0;4
114700;;;DIVING_GEAR;SEASHELLS;98994.0;3
114800;;;PINA_COLADAS;SEASHELLS;14962.0;8
114800;;;AMETHYSTS;SEASHELLS;9998.0;1
115000;;;STARFRUIT;SEASHELLS;4887.0;11
115000;;;AMETHYSTS;SEASHELLS;10004.0;1
115000;;;DIVING_GEAR;SEASHELLS;98988.0;1
115400;;;DIVING_GEAR;SEASHELLS;98971.0;3
115400;;;STARFRUIT;SEASHELLS;4885.0;1
115500;;;STARFRUIT;SEASHELLS;4881.0;1
115900;;;STARFRUIT;SEASHELLS;4888.0;2
115900;;;STARFRUIT;SEASHELLS;4886.0;3
115900;;;AMETHYSTS;SEASHELLS;10000.0;2
116200;;;STARFRUIT;SEASHELLS;4881.0;18
116300;;;DIVING_GEAR;SEASHELLS;98936.0;2
116600;;;COCONUTS;SEASHELLS;7969.0;49
116800;;;AMETHYSTS;SEASHELLS;10002.0;1
117100;;;AMETHYSTS;SEASHELLS;9998.0;3
117100;;;AMETHYSTS;SEASHELLS;9998.0;1
117400;;;AMETHYSTS;SEASHELLS;9996.0;7
117400;;;AMETHYSTS;SEASHELLS;9996.0;1
117500;;;STARFRUIT;SEASHELLS;4882.0;1
117900;;;STARFRUIT;SEASHELLS;4882.0;16
118300;;;STARFRUIT;SEASHELLS;4885.0;1
118300;;;AMETHYSTS;SEASHELLS;9995.0;1
118500;;;COCONUTS;SEASHELLS;7963.0;21
118700;;;AMETHYSTS;SEASHELLS;10002.0;1
119100;;;STARFRUIT;SEASHELLS;4880.0;4
119400;;;AMETHYSTS;SEASHELLS;10002.0;1
119600;;;AMETHYSTS;SEASHELLS;10004.0;1
119600;;;AMETHYSTS;SEASHELLS;10004.0;1
119600;;;STARFRUIT;SEASHELLS;4886.0;2
120000;;;AMETHYSTS;SEASHELLS;9998.0;1
120000;;;STARFRUIT;SEASHELLS;4879.0;1
120300;;;AMETHYSTS;SEASHELLS;9998.0;1
120600;;;STARFRUIT;SEASHELLS;4877.0;1
120700;;;AMETHYSTS;SEASHELLS;9998.0;1
120800;;;STARFRUIT;SEASHELLS;4877.0;1
120800;;;AMETHYSTS;SEASHELLS;10002.0;5
120900;;;AMETHYSTS;SEASHELLS;9998.0;1
121000;;;AMETHYSTS;SEASHELLS;9998.0;2
121000;;;AMETHYSTS;SEASHELLS;9998.0;6
121000;;;BERRIES;SEASHELLS;3898.0;12
121300;;;AMETHYSTS;SEASHELLS;9998.0;1
121500;;;COCONUTS;SEASHELLS;7957.0;21
121500;;;BERRIES;SEASHELLS;3889.0;10
122200;;;AMETHYSTS;SEASHELLS;9998.0;1
122200;;;STARFRUIT;SEASHELLS;4878.0;1
122200;;;STARFRUIT;SEASHELLS;4877.0;15
122500;;;STARFRUIT;SEASHELLS;4882.0;4
122600;;;STARFRUIT;SEASHELLS;4877.0;1
123100;;;DIVING_GEAR;SEASHELLS;98940.0;3
123200;;;STARFRUIT;SEASHELLS;4881.0;1
123500;;;AMETHYSTS;SEASHELLS;10002.0;5
123500;;;STARFRUIT;SEASHELLS;4875.0;1
123500;;;STARFRUIT;SEASHELLS;4874.0;7
123600;;;AMETHYSTS;SEASHELLS;9995.0;2
123600;;;STARFRUIT;SEASHELLS;4875.0;2
123700;;;STARFRUIT;SEASHELLS;4880.0;1
123700;;;AMETHYSTS;SEASHELLS;10002.0;1
123900;;;BERRIES;SEASHELLS;3895.0;20
124000;;;AMETHYSTS;SEASHELLS;10002.0;1
124000;;;STARFRUIT;SEASHELLS;4880.0;1
124300;;;AMETHYSTS;SEASHELLS;9998.0;1
124300;;;STARFRUIT;SEASHELLS;4876.0;1
124500;;;AMETHYSTS;SEASHELLS;9998.0;1
124700;;;BERRIES;SEASHELLS;3893.0;4
124900;;;AMETHYSTS;SEASHELLS;10002.0;2
125500;;;STARFRUIT;SEASHELLS;4874.0;1
126100;;;PINA_COLADAS;SEASHELLS;14925.0;5
126300;;;DIVING_GEAR;SEASHELLS;99019.0;3
126400;;;DIVING_GEAR;SEASHELLS;99021.0;1
126500;;;BERRIES;SEASHELLS;3886.0;7
126500;;;STARFRUIT;SEASHELLS;4878.0;1
126500;;;DIVING_GEAR;SEASHELLS;99020.0;2
126600;;;DIVING_GEAR;SEASHELLS;99025.0;1
126700;;;STARFRUIT;SEASHELLS;4878.0;1
126800;;;BERRIES;SEASHELLS;3893.0;11
127000;;;STARFRUIT;SEASHELLS;4874.0;1
127100;;;COCONUTS;SEASHELLS;7955.0;6
127400;;;AMETHYSTS;SEASHELLS;9998.0;0
127400;;;AMETHYSTS;SEASHELLS;9998.0;1
127400;;;AMETHYSTS;SEASHELLS;9998.0;5
127400;;;AMETHYSTS;SEASHELLS;9998.0;1
127500;;;DIVING_GEAR;SEASHELLS;99018.0;3
127600;;;STARFRUIT;SEASHELLS;4874.0;1
127600;;;AMETHYSTS;SEASHELLS;10002.0;1
128000;;;AMETHYSTS;SEASHELLS;10002.0;4
128500;;;COCONUTS;SEASHELLS;7951.0;8
128700;;;BERRIES;SEASHELLS;3892.0;4
128800;;;STARFRUIT;SEASHELLS;4873.0;1
129000;;;STARFRUIT;SEASHELLS;4873.0;1
129600;;;AMETHYSTS;SEASHELLS;10002.0;1
129700;;;STARFRUIT;SEASHELLS;4878.0;2
129700;;;AMETHYSTS;SEASHELLS;10005.0;2
129800;;;STARFRUIT;SEASHELLS;4876.0;5
129900;;;STARFRUIT;SEASHELLS;4872.0;1
130000;;;AMETHYSTS;SEASHELLS;9998.0;1
130100;;;DIVING_GEAR;SEASHELLS;99036.0;3
130200;;;DIVING_GEAR;SEASHELLS;99030.0;1
130300;;;AMETHYSTS;SEASHELLS;9998.0;1
130300;;;STARFRUIT;SEASHELLS;4875.0;1
130400;;;DIVING_GEAR;SEASHELLS;99021.0;3
130500;;;AMETHYSTS;SEASHELLS;9998.0;1
130600;;;BERRIES;SEASHELLS;3894.0;8
130600;;;AMETHYSTS;SEASHELLS;10002.0;1
130700;;;STARFRUIT;SEASHELLS;4870.0;12
130700;;;DIVING_GEAR;SEASHELLS;99024.0;3
130800;;;BERRIES;SEASHELLS;3894.0;10
131000;;;DIVING_GEAR;SEASHELLS;99018.0;3
131000;;;STARFRUIT;SEASHELLS;4874.0;1
131100;;;STARFRUIT;SEASHELLS;4870.0;1
131200;;;DIVING_GEAR;SEASHELLS;99022.0;1
131300;;;STARFRUIT;SEASHELLS;4874.0;2
131800;;;AMETHYSTS;SEASHELLS;9996.0;1
132100;;;STARFRUIT;SEASHELLS;4875.0;5
132100;;;STARFRUIT;SEASHELLS;4876.0;1
132100;;;AMETHYSTS;SEASHELLS;10002.0;1
132200;;;AMETHYSTS;SEASHELLS;10004.0;2
132200;;;STARFRUIT;SEASHELLS;4871.0;1
132200;;;AMETHYSTS;SEASHELLS;10004.0;6
132300;;;COCONUTS;SEASHELLS;7953.0;47
132400;;;STARFRUIT;SEASHELLS;4871.0;15
132500;;;DIVING_GEAR;SEASHELLS;99017.0;1
132500;;;AMETHYSTS;SEASHELLS;10002.0;1
132500;;;STARFRUIT;SEASHELLS;4871.0;1
132600;;;AMETHYSTS;SEASHELLS;9998.0;1
133300;;;STARFRUIT;SEASHELLS;4875.0;2
133500;;;STARFRUIT;SEASHELLS;4876.0;8
133800;;;DIVING_GEAR;SEASHELLS;99030.0;3
133800;;;STARFRUIT;SEASHELLS;4870.0;19
134000;;;AMETHYSTS;SEASHELLS;9996.0;3
134000;;;STARFRUIT;SEASHELLS;4871.0;1
134000;;;AMETHYSTS;SEASHELLS;9996.0;2
134100;;;DIVING_GEAR;SEASHELLS;99018.0;3
134200;;;STARFRUIT;SEASHELLS;4877.0;1
134200;;;AMETHYSTS;SEASHELLS;9998.0;1
134400;;;STARFRUIT;SEASHELLS;4876.0;1
134400;;;AMETHYSTS;SEASHELLS;10004.0;1
134400;;;AMETHYSTS;SEASHELLS;10004.0;1
134400;;;STARFRUIT;SEASHELLS;4877.0;2
134600;;;BERRIES;SEASHELLS;3891.0;2
134900;;;PINA_COLADAS;SEASHELLS;14914.0;2
135200;;;AMETHYSTS;SEASHELLS;10002.0;1
135200;;;STARFRUIT;SEASHELLS;4875.0;1
135600;;;BERRIES;SEASHELLS;3887.0;6
135700;;;AMETHYSTS;SEASHELLS;9995.0;2
135700;;;DIVING_GEAR;SEASHELLS;99010.0;3
136000;;;COCONUTS;SEASHELLS;7947.0;9
136500;;;STARFRUIT;SEASHELLS;4871.0;2
136600;;;STARFRUIT;SEASHELLS;4869.0;1
136900;;;AMETHYSTS;SEASHELLS;10002.0;2
136900;;;PINA_COLADAS;SEASHELLS;14907.0;3
136900;;;STARFRUIT;SEASHELLS;4872.0;2
136900;;;STARFRUIT;SEASHELLS;4868.0;1
137200;;;AMETHYSTS;SEASHELLS;10002.0;1
137200;;;STARFRUIT;SEASHELLS;4868.0;1
137500;;;STARFRUIT;SEASHELLS;4874.0;2
137500;;;PINA_COLADAS;SEASHELLS;14899.0;8
137500;;;AMETHYSTS;SEASHELLS;10002.0;2
137500;;;STARFRUIT;SEASHELLS;4873.0;7
137800;;;AMETHYSTS;SEASHELLS;10002.0;4
137800;;;AMETHYSTS;SEASHELLS;10002.0;1
138000;;;AMETHYSTS;SEASHELLS;9998.0;1
138000;;;DIVING_GEAR;SEASHELLS;98962.0;1
138100;;;STARFRUIT;SEASHELLS;4868.0;10
138200;;;AMETHYSTS;SEASHELLS;10004.0;2
138200;;;AMETHYSTS;SEASHELLS;10004.0;2
138200;;;STARFRUIT;SEASHELLS;4867.0;2
138200;;;AMETHYSTS;SEASHELLS;10004.0;6
138300;;;AMETHYSTS;SEASHELLS;9995.0;2
138300;;;STARFRUIT;SEASHELLS;4868.0;2
138500;;;STARFRUIT;SEASHELLS;4867.0;5
139200;;;STARFRUIT;SEASHELLS;4873.0;1
139200;;;AMETHYSTS;SEASHELLS;10002.0;1
139400;;;AMETHYSTS;SEASHELLS;10004.0;1
139500;;;STARFRUIT;SEASHELLS;4870.0;1
139800;;;AMETHYSTS;SEASHELLS;9998.0;1
140300;;;STARFRUIT;SEASHELLS;4877.0;16
140700;;;DIVING_GEAR;SEASHELLS;98993.0;1
140800;;;STARFRUIT;SEASHELLS;4872.0;1
141000;;;STARFRUIT;SEASHELLS;4872.0;12
141300;;;STARFRUIT;SEASHELLS;4878.0;1
141300;;;AMETHYSTS;SEASHELLS;10004.0;1
141800;;;AMETHYSTS;SEASHELLS;9998.0;1
141900;;;AMETHYSTS;SEASHELLS;10002.0;10
142400;;;STARFRUIT;SEASHELLS;4871.0;1
142500;;;COCONUTS;SEASHELLS;7938.0;10
142600;;;STARFRUIT;SEASHELLS;4871.0;1
142800;;;STARFRUIT;SEASHELLS;4876.0;1
142800;;;AMETHYSTS;SEASHELLS;9998.0;5
143200;;;AMETHYSTS;SEASHELLS;10005.0;2
143200;;;STARFRUIT;SEASHELLS;4877.0;2
143300;;;AMETHYSTS;SEASHELLS;10005.0;12
143300;;;STARFRUIT;SEASHELLS;4877.0;10
143400;;;STARFRUIT;SEASHELLS;4875.0;2
143500;;;BERRIES;SEASHELLS;3900.0;11
143500;;;COCONUTS;SEASHELLS;7937.0;9
143500;;;AMETHYSTS;SEASHELLS;9998.0;5
143800;;;STARFRUIT;SEASHELLS;4871.0;2
143800;;;AMETHYSTS;SEASHELLS;9998.0;2
144300;;;STARFRUIT;SEASHELLS;4876.0;1
144300;;;AMETHYSTS;SEASHELLS;9995.0;1
144600;;;STARFRUIT;SEASHELLS;4871.0;5
144700;;;DIVING_GEAR;SEASHELLS;98977.0;1
145200;;;STARFRUIT;SEASHELLS;4875.0;1
145300;;;AMETHYSTS;SEASHELLS;10002.0;1
145400;;;BERRIES;SEASHELLS;3895.0;13
145900;;;BERRIES;SEASHELLS;3902.0;10
146100;;;DIVING_GEAR;SEASHELLS;98998.0;3
146200;;;AMETHYSTS;SEASHELLS;10004.0;2
146200;;;STARFRUIT;SEASHELLS;4876.0;2
146500;;;STARFRUIT;SEASHELLS;4869.0;1
146500;;;STARFRUIT;SEASHELLS;4875.0;2
146600;;;AMETHYSTS;SEASHELLS;9998.0;1
146700;;;DIVING_GEAR;SEASHELLS;98993.0;3
146800;;;AMETHYSTS;SEASHELLS;9998.0;6
146900;;;BERRIES;SEASHELLS;3896.0;16
147300;;;AMETHYSTS;SEASHELLS;9998.0;1
147300;;;STARFRUIT;SEASHELLS;4869.0;14
147300;;;STARFRUIT;SEASHELLS;4869.0;2
147400;;;BERRIES;SEASHELLS;3905.0;4
147500;;;COCONUTS;SEASHELLS;7927.0;8
147500;;;AMETHYSTS;SEASHELLS;9998.0;9
147800;;;STARFRUIT;SEASHELLS;4872.0;1
148000;;;DIVING_GEAR;SEASHELLS;98983.0;2
148000;;;STARFRUIT;SEASHELLS;4872.0;1
148300;;;DIVING_GEAR;SEASHELLS;98993.0;1
148300;;;STARFRUIT;SEASHELLS;4868.0;2
148300;;;STARFRUIT;SEASHELLS;4868.0;1
148400;;;AMETHYSTS;SEASHELLS;10002.0;1
148400;;;DIVING_GEAR;SEASHELLS;98982.0;1
148600;;;AMETHYSTS;SEASHELLS;9998.0;1
148600;;;AMETHYSTS;SEASHELLS;9998.0;4
148800;;;DIVING_GEAR;SEASHELLS;98980.0;2
148900;;;STARFRUIT;SEASHELLS;4873.0;2
148900;;;AMETHYSTS;SEASHELLS;10002.0;2
149000;;;AMETHYSTS;SEASHELLS;9998.0;1
149300;;;AMETHYSTS;SEASHELLS;9996.0;2
149300;;;STARFRUIT;SEASHELLS;4869.0;2
149500;;;STARFRUIT;SEASHELLS;4870.0;13
149600;;;AMETHYSTS;SEASHELLS;9998.0;1
149700;;;PINA_COLADAS;SEASHELLS;14890.0;4
149700;;;AMETHYSTS;SEASHELLS;10005.0;12
150300;;;DIVING_GEAR;SEASHELLS;98991.0;1
150500;;;AMETHYSTS;SEASHELLS;9996.0;2
150500;;;DIVING_GEAR;SEASHELLS;98994.0;3
150500;;;STARFRUIT;SEASHELLS;4875.0;7
150500;;;AMETHYSTS;SEASHELLS;9996.0;1
150900;;;AMETHYSTS;SEASHELLS;10002.0;1
151000;;;STARFRUIT;SEASHELLS;4874.0;1
151400;;;STARFRUIT;SEASHELLS;4870.0;1
151700;;;BERRIES;SEASHELLS;3905.0;4
152000;;;DIVING_GEAR;SEASHELLS;98953.0;3
152400;;;AMETHYSTS;SEASHELLS;10005.0;1
152400;;;STARFRUIT;SEASHELLS;4875.0;1
152500;;;DIVING_GEAR;SEASHELLS;98942.0;3
152600;;;STARFRUIT;SEASHELLS;4869.0;2
152600;;;AMETHYSTS;SEASHELLS;9998.0;2
152600;;;DIVING_GEAR;SEASHELLS;98940.0;1
152600;;;STARFRUIT;SEASHELLS;4874.0;13
152800;;;STARFRUIT;SEASHELLS;4868.0;1
153000;;;BERRIES;SEASHELLS;3899.0;2
153200;;;STARFRUIT;SEASHELLS;4867.0;1
153300;;;STARFRUIT;SEASHELLS;4867.0;10
153300;;;STARFRUIT;SEASHELLS;4867.0;1
153400;;;BERRIES;SEASHELLS;3899.0;2
153600;;;AMETHYSTS;SEASHELLS;10002.0;1
153700;;;STARFRUIT;SEASHELLS;4868.0;1
153700;;;AMETHYSTS;SEASHELLS;9996.0;1
154000;;;STARFRUIT;SEASHELLS;4874.0;1
154200;;;COCONUTS;SEASHELLS;7935.0;8
154400;;;AMETHYSTS;SEASHELLS;9998.0;1
154500;;;BERRIES;SEASHELLS;3904.0;10
154700;;;STARFRUIT;SEASHELLS;4874.0;1
154700;;;AMETHYSTS;SEASHELLS;10002.0;1
155000;;;STARFRUIT;SEASHELLS;4870.0;8
155100;;;AMETHYSTS;SEASHELLS;10005.0;2
155100;;;STARFRUIT;SEASHELLS;4870.0;1
155600;;;AMETHYSTS;SEASHELLS;10002.0;1
155700;;;STARFRUIT;SEASHELLS;4873.0;5
156200;;;STARFRUIT;SEASHELLS;4869.0;7
156200;;;STARFRUIT;SEASHELLS;4869.0;3
156300;;;STARFRUIT;SEASHELLS;4874.0;1
156300;;;AMETHYSTS;SEASHELLS;10005.0;1
156400;;;DIVING_GEAR;SEASHELLS;99026.0;3
156500;;;STARFRUIT;SEASHELLS;4868.0;1
156700;;;AMETHYSTS;SEASHELLS;10002.0;1
156800;;;BERRIES;SEASHELLS;3904.0;11
157100;;;AMETHYSTS;SEASHELLS;9998.0;6
157500;;;AMETHYSTS;SEASHELLS;9998.0;1
157500;;;STARFRUIT;SEASHELLS;4873.0;1
157700;;;STARFRUIT;SEASHELLS;4871.0;1
158000;;;BERRIES;SEASHELLS;3897.0;6
158000;;;COCONUTS;SEASHELLS;7935.0;20
158000;;;DIVING_GEAR;SEASHELLS;99015.0;3
158200;;;STARFRUIT;SEASHELLS;4868.0;3
158300;;;STARFRUIT;SEASHELLS;4867.0;4
158400;;;AMETHYSTS;SEASHELLS;9998.0;1
158400;;;BERRIES;SEASHELLS;3896.0;15
158900;;;STARFRUIT;SEASHELLS;4866.0;6
158900;;;COCONUTS;SEASHELLS;7941.0;7
158900;;;COCONUTS;SEASHELLS;7941.0;48
159000;;;DIVING_GEAR;SEASHELLS;99011.0;2
159600;;;STARFRUIT;SEASHELLS;4866.0;1
159700;;;STARFRUIT;SEASHELLS;4870.0;9
159800;;;STARFRUIT;SEASHELLS;4865.0;6
159800;;;STARFRUIT;SEASHELLS;4865.0;2
159900;;;STARFRUIT;SEASHELLS;4865.0;9
159900;;;DIVING_GEAR;SEASHELLS;99010.0;2
160100;;;DIVING_GEAR;SEASHELLS;99004.0;1
160200;;;AMETHYSTS;SEASHELLS;9998.0;1
160400;;;BERRIES;SEASHELLS;3895.0;14
160500;;;AMETHYSTS;SEASHELLS;9996.0;1
160500;;;STARFRUIT;SEASHELLS;4872.0;1
160500;;;AMETHYSTS;SEASHELLS;9996.0;6
160500;;;BERRIES;SEASHELLS;3903.0;7
161100;;;BERRIES;SEASHELLS;3903.0;11
161300;;;AMETHYSTS;SEASHELLS;10004.0;2
161300;;;STARFRUIT;SEASHELLS;4871.0;2
161400;;;AMETHYSTS;SEASHELLS;9998.0;1
161700;;;BERRIES;SEASHELLS;3906.0;10
161800;;;STARFRUIT;SEASHELLS;4864.0;1
161900;;;AMETHYSTS;SEASHELLS;10002.0;4
162100;;;STARFRUIT;SEASHELLS;4865.0;1
162200;;;STARFRUIT;SEASHELLS;4865.0;1
162300;;;DIVING_GEAR;SEASHELLS;98957.0;3
162400;;;STARFRUIT;SEASHELLS;4865.0;1
162500;;;AMETHYSTS;SEASHELLS;10004.0;2
162500;;;BERRIES;SEASHELLS;3899.0;10
162900;;;DIVING_GEAR;SEASHELLS;98943.0;3
163000;;;STARFRUIT;SEASHELLS;4866.0;1
163000;;;PINA_COLADAS;SEASHELLS;14888.0;20
163300;;;AMETHYSTS;SEASHELLS;10002.0;1
163400;;;COCONUTS;SEASHELLS;7943.0;52
163500;;;AMETHYSTS;SEASHELLS;10004.0;6
163500;;;AMETHYSTS;SEASHELLS;10004.0;1
163600;;;STARFRUIT;SEASHELLS;4871.0;1
163600;;;DIVING_GEAR;SEASHELLS;98962.0;1
163800;;;DIVING_GEAR;SEASHELLS;98948.0;2
163800;;;DIVING_GEAR;SEASHELLS;98948.0;1
163800;;;STARFRUIT;SEASHELLS;4867.0;10
163900;;;STARFRUIT;SEASHELLS;4871.0;1
164400;;;PINA_COLADAS;SEASHELLS;14897.0;15
164400;;;STARFRUIT;SEASHELLS;4867.0;1
164500;;;STARFRUIT;SEASHELLS;4873.0;16
164700;;;AMETHYSTS;SEASHELLS;10002.0;6
164700;;;AMETHYSTS;SEASHELLS;10002.0;6
164900;;;COCONUTS;SEASHELLS;7939.0;49
165000;;;BERRIES;SEASHELLS;3899.0;7
165000;;;AMETHYSTS;SEASHELLS;9996.0;5
165000;;;AMETHYSTS;SEASHELLS;9996.0;1
165100;;;DIVING_GEAR;SEASHELLS;98949.0;1
165200;;;STARFRUIT;SEASHELLS;4873.0;10
165200;;;AMETHYSTS;SEASHELLS;9998.0;2
165200;;;STARFRUIT;SEASHELLS;4873.0;1
165200;;;STARFRUIT;SEASHELLS;4873.0;0
165200;;;STARFRUIT;SEASHELLS;4873.0;1
165600;;;AMETHYSTS;SEASHELLS;10002.0;3
165800;;;DIVING_GEAR;SEASHELLS;98957.0;2
166000;;;AMETHYSTS;SEASHELLS;10002.0;1
166900;;;STARFRUIT;SEASHELLS;4866.0;2
167100;;;DIVING_GEAR;SEASHELLS;98962.0;3
167300;;;AMETHYSTS;SEASHELLS;9998.0;3
167500;;;PINA_COLADAS;SEASHELLS;14891.0;20
167600;;;STARFRUIT;SEASHELLS;4863.0;1
167600;;;AMETHYSTS;SEASHELLS;9998.0;1
167700;;;AMETHYSTS;SEASHELLS;9998.0;1
167800;;;STARFRUIT;SEASHELLS;4866.0;2
167900;;;COCONUTS;SEASHELLS;7937.0;47
168100;;;BERRIES;SEASHELLS;3900.0;15
168100;;;DIVING_GEAR;SEASHELLS;98928.0;2
168600;;;DIVING_GEAR;SEASHELLS;98918.0;1
168700;;;STARFRUIT;SEASHELLS;4862.0;1
169000;;;BERRIES;SEASHELLS;3902.0;12
169100;;;AMETHYSTS;SEASHELLS;9998.0;4
169500;;;AMETHYSTS;SEASHELLS;10002.0;1
169600;;;STARFRUIT;SEASHELLS;4862.0;1
169700;;;AMETHYSTS;SEASHELLS;9996.0;1
169700;;;STARFRUIT;SEASHELLS;4861.0;1
169800;;;BERRIES;SEASHELLS;3895.0;10
169900;;;AMETHYSTS;SEASHELLS;10002.0;1
170100;;;AMETHYSTS;SEASHELLS;9998.0;1
170400;;;STARFRUIT;SEASHELLS;4862.0;13
170700;;;DIVING_GEAR;SEASHELLS;98885.0;3
170800;;;AMETHYSTS;SEASHELLS;10004.0;1
171000;;;STARFRUIT;SEASHELLS;4862.0;1
171000;;;AMETHYSTS;SEASHELLS;10002.0;1
171100;;;COCONUTS;SEASHELLS;7944.0;9
171200;;;AMETHYSTS;SEASHELLS;10004.0;1
171200;;;STARFRUIT;SEASHELLS;4868.0;1
171400;;;STARFRUIT;SEASHELLS;4862.0;4
171800;;;STARFRUIT;SEASHELLS;4866.0;1
171900;;;AMETHYSTS;SEASHELLS;9998.0;1
172300;;;AMETHYSTS;SEASHELLS;10002.0;3
172300;;;AMETHYSTS;SEASHELLS;10002.0;1
172400;;;PINA_COLADAS;SEASHELLS;14911.0;5
172400;;;STARFRUIT;SEASHELLS;4861.0;1
172400;;;DIVING_GEAR;SEASHELLS;98872.0;3
172700;;;STARFRUIT;SEASHELLS;4862.0;3
172700;;;STARFRUIT;SEASHELLS;4862.0;1
173000;;;AMETHYSTS;SEASHELLS;9998.0;3
173300;;;STARFRUIT;SEASHELLS;4862.0;1
173900;;;AMETHYSTS;SEASHELLS;9995.0;4
174000;;;COCONUTS;SEASHELLS;7944.0;58
174100;;;AMETHYSTS;SEASHELLS;9995.0;4
174200;;;AMETHYSTS;SEASHELLS;9998.0;1
174400;;;DIVING_GEAR;SEASHELLS;98921.0;3
174700;;;PINA_COLADAS;SEASHELLS;14915.0;5
175000;;;COCONUTS;SEASHELLS;7942.0;40
175100;;;STARFRUIT;SEASHELLS;4865.0;1
175100;;;AMETHYSTS;SEASHELLS;9996.0;2
175500;;;STARFRUIT;SEASHELLS;4859.0;2
175500;;;AMETHYSTS;SEASHELLS;9995.0;2
175500;;;STARFRUIT;SEASHELLS;4860.0;1
175600;;;STARFRUIT;SEASHELLS;4859.0;1
175700;;;AMETHYSTS;SEASHELLS;10002.0;1
175700;;;COCONUTS;SEASHELLS;7943.0;8
176100;;;AMETHYSTS;SEASHELLS;10002.0;1
176200;;;STARFRUIT;SEASHELLS;4865.0;1
176300;;;PINA_COLADAS;SEASHELLS;14905.0;3
176400;;;AMETHYSTS;SEASHELLS;9998.0;5
176400;;;STARFRUIT;SEASHELLS;4860.0;12
176900;;;AMETHYSTS;SEASHELLS;10005.0;8
177200;;;STARFRUIT;SEASHELLS;4865.0;1
177300;;;PINA_COLADAS;SEASHELLS;14905.0;2
177600;;;STARFRUIT;SEASHELLS;4865.0;2
177600;;;AMETHYSTS;SEASHELLS;10004.0;1
177600;;;STARFRUIT;SEASHELLS;4859.0;1
177600;;;AMETHYSTS;SEASHELLS;10004.0;1
177700;;;STARFRUIT;SEASHELLS;4859.0;1
178200;;;BERRIES;SEASHELLS;3904.0;13
178400;;;COCONUTS;SEASHELLS;7941.0;10
178500;;;STARFRUIT;SEASHELLS;4860.0;1
178600;;;STARFRUIT;SEASHELLS;4866.0;1
179000;;;STARFRUIT;SEASHELLS;4861.0;11
179100;;;PINA_COLADAS;SEASHELLS;14912.0;7
179400;;;DIVING_GEAR;SEASHELLS;98856.0;1
179400;;;STARFRUIT;SEASHELLS;4866.0;1
179800;;;COCONUTS;SEASHELLS;7942.0;5
179900;;;DIVING_GEAR;SEASHELLS;98861.0;1
180000;;;AMETHYSTS;SEASHELLS;10002.0;5
180000;;;STARFRUIT;SEASHELLS;4866.0;1
180200;;;STARFRUIT;SEASHELLS;4861.0;1
180600;;;AMETHYSTS;SEASHELLS;10000.0;3
180700;;;DIVING_GEAR;SEASHELLS;98845.0;2
180700;;;BERRIES;SEASHELLS;3904.0;1
180700;;;AMETHYSTS;SEASHELLS;9996.0;1
180900;;;AMETHYSTS;SEASHELLS;9998.0;1
181000;;;COCONUTS;SEASHELLS;7945.0;17
181200;;;AMETHYSTS;SEASHELLS;9996.0;2
181200;;;AMETHYSTS;SEASHELLS;9996.0;4
181400;;;BERRIES;SEASHELLS;3907.0;5
181600;;;AMETHYSTS;SEASHELLS;9995.0;2
181600;;;STARFRUIT;SEASHELLS;4862.0;2
182100;;;BERRIES;SEASHELLS;3907.0;11
182100;;;AMETHYSTS;SEASHELLS;10002.0;5
182100;;;STARFRUIT;SEASHELLS;4861.0;1
182100;;;AMETHYSTS;SEASHELLS;10004.0;2
182100;;;AMETHYSTS;SEASHELLS;10004.0;3
182200;;;BERRIES;SEASHELLS;3907.0;10
182300;;;AMETHYSTS;SEASHELLS;10005.0;7
182300;;;AMETHYSTS;SEASHELLS;10005.0;8
182500;;;AMETHYSTS;SEASHELLS;10002.0;3
182600;;;STARFRUIT;SEASHELLS;4866.0;4
182800;;;STARFRUIT;SEASHELLS;4862.0;9
182800;;;STARFRUIT;SEASHELLS;4866.0;1
183000;;;AMETHYSTS;SEASHELLS;10004.0;1
183000;;;STARFRUIT;SEASHELLS;4867.0;1
183200;;;AMETHYSTS;SEASHELLS;9998.0;1
183600;;;STARFRUIT;SEASHELLS;4861.0;1
183700;;;COCONUTS;SEASHELLS;7944.0;8
183800;;;STARFRUIT;SEASHELLS;4861.0;1
183800;;;AMETHYSTS;SEASHELLS;10002.0;2
183800;;;AMETHYSTS;SEASHELLS;10002.0;1
184000;;;DIVING_GEAR;SEASHELLS;98863.0;2
184200;;;AMETHYSTS;SEASHELLS;9998.0;1
184300;;;STARFRUIT;SEASHELLS;4865.0;1
184800;;;BERRIES;SEASHELLS;3912.0;4
185000;;;BERRIES;SEASHELLS;3906.0;4
185100;;;STARFRUIT;SEASHELLS;4865.0;1
185100;;;AMETHYSTS;SEASHELLS;10004.0;1
185100;;;AMETHYSTS;SEASHELLS;10004.0;5
185100;;;BERRIES;SEASHELLS;3913.0;7
185200;;;STARFRUIT;SEASHELLS;4861.0;1
185300;;;STARFRUIT;SEASHELLS;4865.0;1
185300;;;STARFRUIT;SEASHELLS;4863.0;2
185300;;;AMETHYSTS;SEASHELLS;9996.0;1
185300;;;AMETHYSTS;SEASHELLS;9996.0;1
185800;;;DIVING_GEAR;SEASHELLS;98865.0;1
186000;;;AMETHYSTS;SEASHELLS;9998.0;1
186000;;;STARFRUIT;SEASHELLS;4860.0;3
186000;;;AMETHYSTS;SEASHELLS;9998.0;3
186300;;;STARFRUIT;SEASHELLS;4864.0;1
186300;;;DIVING_GEAR;SEASHELLS;98845.0;1
186500;;;AMETHYSTS;SEASHELLS;10002.0;1
186600;;;AMETHYSTS;SEASHELLS;9998.0;5
186600;;;BERRIES;SEASHELLS;3912.0;16
186600;;;DIVING_GEAR;SEASHELLS;98834.0;1
186800;;;BERRIES;SEASHELLS;3912.0;11
186900;;;DIVING_GEAR;SEASHELLS;98839.0;3
187000;;;AMETHYSTS;SEASHELLS;10002.0;1
187000;;;STARFRUIT;SEASHELLS;4860.0;1
187000;;;AMETHYSTS;SEASHELLS;10002.0;2
187100;;;STARFRUIT;SEASHELLS;4864.0;10
187100;;;STARFRUIT;SEASHELLS;4864.0;3
187400;;;STARFRUIT;SEASHELLS;4864.0;1
187500;;;STARFRUIT;SEASHELLS;4864.0;1
187600;;;AMETHYSTS;SEASHELLS;10002.0;1
187800;;;AMETHYSTS;SEASHELLS;9998.0;5
188100;;;AMETHYSTS;SEASHELLS;10002.0;1
188300;;;STARFRUIT;SEASHELLS;4860.0;1
188300;;;AMETHYSTS;SEASHELLS;9996.0;1
188400;;;AMETHYSTS;SEASHELLS;10002.0;2
188400;;;BERRIES;SEASHELLS;3912.0;11
188500;;;STARFRUIT;SEASHELLS;4865.0;1
188700;;;AMETHYSTS;SEASHELLS;10004.0;1
188700;;;AMETHYSTS;SEASHELLS;10004.0;9
188900;;;AMETHYSTS;SEASHELLS;10004.0;2
188900;;;AMETHYSTS;SEASHELLS;10004.0;6
188900;;;AMETHYSTS;SEASHELLS;10004.0;2
189200;;;DIVING_GEAR;SEASHELLS;98832.0;2
189200;;;STARFRUIT;SEASHELLS;4859.0;2
189200;;;STARFRUIT;SEASHELLS;4859.0;2
189400;;;DIVING_GEAR;SEASHELLS;98809.0;1
189700;;;STARFRUIT;SEASHELLS;4859.0;1
189800;;;STARFRUIT;SEASHELLS;4864.0;1
189900;;;COCONUTS;SEASHELLS;7937.0;54
190000;;;BERRIES;SEASHELLS;3910.0;12
190300;;;STARFRUIT;SEASHELLS;4860.0;2
190300;;;DIVING_GEAR;SEASHELLS;98813.0;1
190300;;;AMETHYSTS;SEASHELLS;10004.0;9
190300;;;AMETHYSTS;SEASHELLS;10004.0;1
190500;;;PINA_COLADAS;SEASHELLS;14907.0;4
190600;;;STARFRUIT;SEASHELLS;4864.0;1
190600;;;AMETHYSTS;SEASHELLS;9996.0;7
190600;;;AMETHYSTS;SEASHELLS;9996.0;1
190600;;;BERRIES;SEASHELLS;3903.0;11
190800;;;BERRIES;SEASHELLS;3911.0;5
190800;;;STARFRUIT;SEASHELLS;4865.0;1
191100;;;STARFRUIT;SEASHELLS;4866.0;4
191200;;;STARFRUIT;SEASHELLS;4866.0;6
191300;;;STARFRUIT;SEASHELLS;4863.0;1
191300;;;STARFRUIT;SEASHELLS;4863.0;2
191400;;;STARFRUIT;SEASHELLS;4864.0;2
191400;;;STARFRUIT;SEASHELLS;4864.0;1
191400;;;STARFRUIT;SEASHELLS;4864.0;6
191500;;;AMETHYSTS;SEASHELLS;10004.0;1
191500;;;DIVING_GEAR;SEASHELLS;98822.0;1
191500;;;DIVING_GEAR;SEASHELLS;98825.0;3
191700;;;PINA_COLADAS;SEASHELLS;14905.0;3
191800;;;AMETHYSTS;SEASHELLS;9995.0;2
191800;;;STARFRUIT;SEASHELLS;4859.0;2
192000;;;AMETHYSTS;SEASHELLS;9998.0;1
192000;;;DIVING_GEAR;SEASHELLS;98816.0;2
192000;;;STARFRUIT;SEASHELLS;4866.0;1
192100;;;STARFRUIT;SEASHELLS;4866.0;1
192200;;;AMETHYSTS;SEASHELLS;10002.0;1
192400;;;STARFRUIT;SEASHELLS;4867.0;2
192400;;;STARFRUIT;SEASHELLS;4861.0;1
192600;;;STARFRUIT;SEASHELLS;4865.0;1
192600;;;STARFRUIT;SEASHELLS;4865.0;1
192600;;;AMETHYSTS;SEASHELLS;9998.0;1
192700;;;AMETHYSTS;SEASHELLS;10002.0;4
192800;;;DIVING_GEAR;SEASHELLS;98784.0;2
192900;;;STARFRUIT;SEASHELLS;4867.0;1
193000;;;STARFRUIT;SEASHELLS;4868.0;15
193300;;;AMETHYSTS;SEASHELLS;9998.0;1
194100;;;STARFRUIT;SEASHELLS;4860.0;1
194400;;;AMETHYSTS;SEASHELLS;10002.0;1
194600;;;STARFRUIT;SEASHELLS;4865.0;1
194700;;;DIVING_GEAR;SEASHELLS;98779.0;1
195100;;;STARFRUIT;SEASHELLS;4867.0;1
195400;;;STARFRUIT;SEASHELLS;4867.0;1
195400;;;BERRIES;SEASHELLS;3898.0;2
195400;;;DIVING_GEAR;SEASHELLS;98792.0;1
195600;;;AMETHYSTS;SEASHELLS;10002.0;1
195700;;;AMETHYSTS;SEASHELLS;10002.0;1
195700;;;STARFRUIT;SEASHELLS;4867.0;1
196000;;;STARFRUIT;SEASHELLS;4863.0;7
196500;;;DIVING_GEAR;SEASHELLS;98831.0;2
196500;;;COCONUTS;SEASHELLS;7948.0;10
196600;;;COCONUTS;SEASHELLS;7949.0;54
196700;;;DIVING_GEAR;SEASHELLS;98850.0;3
196800;;;AMETHYSTS;SEASHELLS;9995.0;1
196800;;;STARFRUIT;SEASHELLS;4860.0;1
197300;;;STARFRUIT;SEASHELLS;4865.0;3
197700;;;STARFRUIT;SEASHELLS;4866.0;1
197900;;;DIVING_GEAR;SEASHELLS;98835.0;2
198100;;;AMETHYSTS;SEASHELLS;9995.0;6
198100;;;STARFRUIT;SEASHELLS;4868.0;16
198300;;;STARFRUIT;SEASHELLS;4866.0;1
198400;;;STARFRUIT;SEASHELLS;4861.0;1
198700;;;STARFRUIT;SEASHELLS;4860.0;1
198800;;;STARFRUIT;SEASHELLS;4859.0;10
198800;;;AMETHYSTS;SEASHELLS;10004.0;2
198800;;;STARFRUIT;SEASHELLS;4866.0;2
198900;;;PINA_COLADAS;SEASHELLS;14917.0;22
199100;;;STARFRUIT;SEASHELLS;4865.0;1
199200;;;STARFRUIT;SEASHELLS;4860.0;1
199200;;;AMETHYSTS;SEASHELLS;10002.0;1
199200;;;BERRIES;SEASHELLS;3909.0;15
199300;;;AMETHYSTS;SEASHELLS;9998.0;1
199300;;;STARFRUIT;SEASHELLS;4866.0;1
199400;;;STARFRUIT;SEASHELLS;4860.0;1
199500;;;BERRIES;SEASHELLS;3903.0;6
199500;;;BERRIES;SEASHELLS;3903.0;17
199600;;;STARFRUIT;SEASHELLS;4867.0;2
199600;;;AMETHYSTS;SEASHELLS;10004.0;2
199700;;;STARFRUIT;SEASHELLS;4866.0;9
199800;;;BERRIES;SEASHELLS;3910.0;9
200000;;;AMETHYSTS;SEASHELLS;9996.0;2
200100;;;STARFRUIT;SEASHELLS;4867.0;1
200700;;;AMETHYSTS;SEASHELLS;9998.0;1
200700;;;STARFRUIT;SEASHELLS;4865.0;9
200900;;;AMETHYSTS;SEASHELLS;9996.0;5
200900;;;BERRIES;SEASHELLS;3910.0;10
200900;;;AMETHYSTS;SEASHELLS;9996.0;1
201000;;;DIVING_GEAR;SEASHELLS;98880.0;1
201100;;;AMETHYSTS;SEASHELLS;9998.0;1
201500;;;AMETHYSTS;SEASHELLS;10002.0;1
201600;;;AMETHYSTS;SEASHELLS;9998.0;1
201800;;;AMETHYSTS;SEASHELLS;10002.0;1
201800;;;BERRIES;SEASHELLS;3912.0;12
202000;;;STARFRUIT;SEASHELLS;4863.0;5
202000;;;STARFRUIT;SEASHELLS;4863.0;4
202100;;;PINA_COLADAS;SEASHELLS;14923.0;6
202100;;;AMETHYSTS;SEASHELLS;9998.0;1
202100;;;DIVING_GEAR;SEASHELLS;98825.0;2
202200;;;AMETHYSTS;SEASHELLS;10002.0;2
202200;;;STARFRUIT;SEASHELLS;4862.0;2
202300;;;BERRIES;SEASHELLS;3912.0;12
202400;;;BERRIES;SEASHELLS;3905.0;10
202700;;;STARFRUIT;SEASHELLS;4858.0;14
202800;;;STARFRUIT;SEASHELLS;4858.0;1
202800;;;AMETHYSTS;SEASHELLS;10002.0;1
203500;;;AMETHYSTS;SEASHELLS;9996.0;1
203500;;;STARFRUIT;SEASHELLS;4859.0;2
203700;;;STARFRUIT;SEASHELLS;4858.0;3
204000;;;AMETHYSTS;SEASHELLS;10004.0;1
204100;;;STARFRUIT;SEASHELLS;4862.0;1
204200;;;DIVING_GEAR;SEASHELLS;98882.0;1
204600;;;STARFRUIT;SEASHELLS;4857.0;1
204600;;;AMETHYSTS;SEASHELLS;9996.0;1
205000;;;PINA_COLADAS;SEASHELLS;14944.0;23
205000;;;BERRIES;SEASHELLS;3901.0;13
205400;;;STARFRUIT;SEASHELLS;4863.0;1
205500;;;AMETHYSTS;SEASHELLS;9996.0;1
205500;;;STARFRUIT;SEASHELLS;4864.0;1
205500;;;STARFRUIT;SEASHELLS;4859.0;1
205700;;;STARFRUIT;SEASHELLS;4860.0;1
206000;;;DIVING_GEAR;SEASHELLS;98888.0;1
206100;;;STARFRUIT;SEASHELLS;4860.0;1
206200;;;AMETHYSTS;SEASHELLS;9998.0;1
206300;;;STARFRUIT;SEASHELLS;4866.0;1
206300;;;AMETHYSTS;SEASHELLS;10004.0;1
206400;;;DIVING_GEAR;SEASHELLS;98902.0;1
206500;;;AMETHYSTS;SEASHELLS;9995.0;1
206500;;;AMETHYSTS;SEASHELLS;9996.0;11
206500;;;AMETHYSTS;SEASHELLS;9996.0;1
206500;;;STARFRUIT;SEASHELLS;4861.0;1
207500;;;AMETHYSTS;SEASHELLS;10002.0;1
207600;;;STARFRUIT;SEASHELLS;4864.0;1
207800;;;STARFRUIT;SEASHELLS;4858.0;1
207900;;;AMETHYSTS;SEASHELLS;9998.0;1
207900;;;STARFRUIT;SEASHELLS;4859.0;1
208100;;;AMETHYSTS;SEASHELLS;9998.0;6
208100;;;BERRIES;SEASHELLS;3905.0;4
208300;;;AMETHYSTS;SEASHELLS;10005.0;9
208400;;;AMETHYSTS;SEASHELLS;9996.0;1
208400;;;STARFRUIT;SEASHELLS;4864.0;1
208800;;;DIVING_GEAR;SEASHELLS;98904.0;1
209100;;;PINA_COLADAS;SEASHELLS;14952.0;32
209200;;;STARFRUIT;SEASHELLS;4860.0;2
209200;;;AMETHYSTS;SEASHELLS;9998.0;2
209400;;;STARFRUIT;SEASHELLS;4859.0;17
209800;;;STARFRUIT;SEASHELLS;4865.0;11
209800;;;AMETHYSTS;SEASHELLS;9998.0;1
209800;;;STARFRUIT;SEASHELLS;4865.0;4
210100;;;AMETHYSTS;SEASHELLS;9998.0;1
210300;;;COCONUTS;SEASHELLS;7952.0;7
210300;;;COCONUTS;SEASHELLS;7952.0;63
210300;;;STARFRUIT;SEASHELLS;4860.0;10
210300;;;STARFRUIT;SEASHELLS;4860.0;1
210500;;;AMETHYSTS;SEASHELLS;10002.0;1
210600;;;BERRIES;SEASHELLS;3904.0;2
210700;;;DIVING_GEAR;SEASHELLS;98900.0;3
210800;;;STARFRUIT;SEASHELLS;4860.0;1
210800;;;AMETHYSTS;SEASHELLS;9998.0;2
211000;;;AMETHYSTS;SEASHELLS;9998.0;1
211100;;;DIVING_GEAR;SEASHELLS;98917.0;2
211200;;;COCONUTS;SEASHELLS;7949.0;8
211400;;;STARFRUIT;SEASHELLS;4859.0;2
211900;;;DIVING_GEAR;SEASHELLS;98915.0;2
212000;;;DIVING_GEAR;SEASHELLS;98911.0;1
212000;;;STARFRUIT;SEASHELLS;4866.0;16
212100;;;STARFRUIT;SEASHELLS;4866.0;1
212100;;;AMETHYSTS;SEASHELLS;10004.0;1
212300;;;STARFRUIT;SEASHELLS;4861.0;3
212800;;;AMETHYSTS;SEASHELLS;10002.0;1
213000;;;STARFRUIT;SEASHELLS;4859.0;3
213200;;;COCONUTS;SEASHELLS;7951.0;70
213400;;;PINA_COLADAS;SEASHELLS;14960.0;5
213400;;;AMETHYSTS;SEASHELLS;9995.0;1
213400;;;STARFRUIT;SEASHELLS;4859.0;1
213600;;;AMETHYSTS;SEASHELLS;9996.0;10
213600;;;AMETHYSTS;SEASHELLS;9996.0;2
213700;;;AMETHYSTS;SEASHELLS;9996.0;1
213700;;;STARFRUIT;SEASHELLS;4860.0;1
213800;;;AMETHYSTS;SEASHELLS;9998.0;1
213900;;;STARFRUIT;SEASHELLS;4860.0;1
214000;;;STARFRUIT;SEASHELLS;4865.0;1
214400;;;AMETHYSTS;SEASHELLS;9998.0;1
214600;;;DIVING_GEAR;SEASHELLS;98939.0;1
214700;;;COCONUTS;SEASHELLS;7950.0;10
214700;;;AMETHYSTS;SEASHELLS;9998.0;1
215000;;;AMETHYSTS;SEASHELLS;9998.0;1
215100;;;AMETHYSTS;SEASHELLS;10002.0;1
215500;;;AMETHYSTS;SEASHELLS;9996.0;1
215500;;;STARFRUIT;SEASHELLS;4860.0;2
215500;;;STARFRUIT;SEASHELLS;4860.0;1
215500;;;AMETHYSTS;SEASHELLS;9998.0;1
215500;;;AMETHYSTS;SEASHELLS;9996.0;1
215600;;;BERRIES;SEASHELLS;3905.0;2
215600;;;AMETHYSTS;SEASHELLS;10002.0;1
215700;;;STARFRUIT;SEASHELLS;4859.0;8
215800;;;STARFRUIT;SEASHELLS;4859.0;18
215900;;;DIVING_GEAR;SEASHELLS;98948.0;3
216200;;;STARFRUIT;SEASHELLS;4860.0;1
216300;;;STARFRUIT;SEASHELLS;4860.0;20
216500;;;STARFRUIT;SEASHELLS;4865.0;1
216500;;;DIVING_GEAR;SEASHELLS;98938.0;1
216800;;;PINA_COLADAS;SEASHELLS;14963.0;5
216800;;;PINA_COLADAS;SEASHELLS;14963.0;28
216900;;;STARFRUIT;SEASHELLS;4860.0;2
217100;;;STARFRUIT;SEASHELLS;4865.0;1
217100;;;DIVING_GEAR;SEASHELLS;98902.0;3
217200;;;AMETHYSTS;SEASHELLS;9998.0;1
217400;;;AMETHYSTS;SEASHELLS;10002.0;1
217400;;;STARFRUIT;SEASHELLS;4861.0;1
217500;;;STARFRUIT;SEASHELLS;4861.0;3
217500;;;DIVING_GEAR;SEASHELLS;98873.0;2
217600;;;BERRIES;SEASHELLS;3909.0;10
217700;;;STARFRUIT;SEASHELLS;4861.0;1
218100;;;AMETHYSTS;SEASHELLS;9996.0;1
218100;;;STARFRUIT;SEASHELLS;4861.0;1
218300;;;COCONUTS;SEASHELLS;7948.0;7
218300;;;AMETHYSTS;SEASHELLS;10004.0;1
218300;;;DIVING_GEAR;SEASHELLS;98888.0;2
218400;;;AMETHYSTS;SEASHELLS;10002.0;1
218400;;;STARFRUIT;SEASHELLS;4866.0;1
218400;;;DIVING_GEAR;SEASHELLS;98883.0;2
218800;;;STARFRUIT;SEASHELLS;4864.0;8
218800;;;STARFRUIT;SEASHELLS;4865.0;1
218900;;;DIVING_GEAR;SEASHELLS;98870.0;1
219000;;;AMETHYSTS;SEASHELLS;9996.0;1
219000;;;STARFRUIT;SEASHELLS;4864.0;1
219300;;;AMETHYSTS;SEASHELLS;9998.0;2
220100;;;BERRIES;SEASHELLS;3894.0;26
220500;;;AMETHYSTS;SEASHELLS;10002.0;1
220600;;;STARFRUIT;SEASHELLS;4864.0;1
220700;;;STARFRUIT;SEASHELLS;4866.0;4
220900;;;DIVING_GEAR;SEASHELLS;98910.0;3
221000;;;STARFRUIT;SEASHELLS;4871.0;2
221000;;;AMETHYSTS;SEASHELLS;10005.0;2
221200;;;AMETHYSTS;SEASHELLS;9996.0;2
221300;;;AMETHYSTS;SEASHELLS;10004.0;2
221400;;;AMETHYSTS;SEASHELLS;9995.0;6
221800;;;AMETHYSTS;SEASHELLS;10004.0;1
221800;;;STARFRUIT;SEASHELLS;4864.0;9
221900;;;STARFRUIT;SEASHELLS;4865.0;4
222700;;;BERRIES;SEASHELLS;3905.0;11
222900;;;DIVING_GEAR;SEASHELLS;98963.0;1
223000;;;STARFRUIT;SEASHELLS;4864.0;1
223400;;;STARFRUIT;SEASHELLS;4862.0;17
223500;;;STARFRUIT;SEASHELLS;4867.0;1
223600;;;STARFRUIT;SEASHELLS;4862.0;2
223600;;;STARFRUIT;SEASHELLS;4862.0;6
223700;;;AMETHYSTS;SEASHELLS;10002.0;1
223700;;;STARFRUIT;SEASHELLS;4863.0;10
224300;;;COCONUTS;SEASHELLS;7946.0;44
224300;;;COCONUTS;SEASHELLS;7946.0;21
224300;;;STARFRUIT;SEASHELLS;4861.0;2
224300;;;STARFRUIT;SEASHELLS;4861.0;4
224400;;;AMETHYSTS;SEASHELLS;10005.0;1
224400;;;STARFRUIT;SEASHELLS;4868.0;1
224500;;;STARFRUIT;SEASHELLS;4861.0;8
225100;;;STARFRUIT;SEASHELLS;4862.0;1
225200;;;STARFRUIT;SEASHELLS;4862.0;2
225200;;;AMETHYSTS;SEASHELLS;9998.0;2
225300;;;AMETHYSTS;SEASHELLS;9996.0;2
225300;;;AMETHYSTS;SEASHELLS;9996.0;5
225300;;;DIVING_GEAR;SEASHELLS;98940.0;3
225700;;;AMETHYSTS;SEASHELLS;10002.0;1
225900;;;AMETHYSTS;SEASHELLS;10002.0;2
226000;;;AMETHYSTS;SEASHELLS;9998.0;1
226200;;;STARFRUIT;SEASHELLS;4863.0;1
226800;;;PINA_COLADAS;SEASHELLS;14959.0;5
226900;;;AMETHYSTS;SEASHELLS;10002.0;1
226900;;;AMETHYSTS;SEASHELLS;10002.0;3
226900;;;STARFRUIT;SEASHELLS;4865.0;1
226900;;;STARFRUIT;SEASHELLS;4865.0;4
227000;;;AMETHYSTS;SEASHELLS;10002.0;1
227200;;;AMETHYSTS;SEASHELLS;9995.0;1
227200;;;STARFRUIT;SEASHELLS;4861.0;1
227300;;;COCONUTS;SEASHELLS;7957.0;26
227300;;;AMETHYSTS;SEASHELLS;9998.0;1
227600;;;STARFRUIT;SEASHELLS;4867.0;14
227700;;;STARFRUIT;SEASHELLS;4862.0;1
227800;;;AMETHYSTS;SEASHELLS;10002.0;1
227900;;;AMETHYSTS;SEASHELLS;9998.0;2
228000;;;STARFRUIT;SEASHELLS;4867.0;14
228200;;;STARFRUIT;SEASHELLS;4860.0;5
228400;;;STARFRUIT;SEASHELLS;4864.0;1
228400;;;AMETHYSTS;SEASHELLS;9998.0;2
229100;;;STARFRUIT;SEASHELLS;4862.0;2
229100;;;STARFRUIT;SEASHELLS;4860.0;15
229100;;;AMETHYSTS;SEASHELLS;10002.0;4
229400;;;BERRIES;SEASHELLS;3897.0;12
229500;;;STARFRUIT;SEASHELLS;4865.0;11
229500;;;AMETHYSTS;SEASHELLS;9998.0;1
229500;;;DIVING_GEAR;SEASHELLS;98953.0;2
229800;;;AMETHYSTS;SEASHELLS;10002.0;3
229800;;;AMETHYSTS;SEASHELLS;10002.0;1
229800;;;AMETHYSTS;SEASHELLS;10002.0;7
229800;;;STARFRUIT;SEASHELLS;4863.0;1
230000;;;AMETHYSTS;SEASHELLS;9998.0;1
230000;;;PINA_COLADAS;SEASHELLS;14978.0;9
230400;;;BERRIES;SEASHELLS;3899.0;9
230500;;;BERRIES;SEASHELLS;3902.0;5
230700;;;AMETHYSTS;SEASHELLS;9998.0;1
230900;;;STARFRUIT;SEASHELLS;4859.0;1
230900;;;AMETHYSTS;SEASHELLS;10000.0;1
231200;;;DIVING_GEAR;SEASHELLS;98979.0;3
231500;;;STARFRUIT;SEASHELLS;4859.0;1
231600;;;STARFRUIT;SEASHELLS;4861.0;6
231900;;;STARFRUIT;SEASHELLS;4862.0;1
232000;;;STARFRUIT;SEASHELLS;4860.0;1
232000;;;DIVING_GEAR;SEASHELLS;98993.0;1
232500;;;AMETHYSTS;SEASHELLS;9996.0;1
232500;;;AMETHYSTS;SEASHELLS;9996.0;1
232500;;;STARFRUIT;SEASHELLS;4860.0;1
232500;;;STARFRUIT;SEASHELLS;4860.0;1
232700;;;COCONUTS;SEASHELLS;7968.0;7
232800;;;BERRIES;SEASHELLS;3907.0;10
233000;;;STARFRUIT;SEASHELLS;4859.0;1
233100;;;PINA_COLADAS;SEASHELLS;14985.0;14
233300;;;STARFRUIT;SEASHELLS;4863.0;1
233300;;;STARFRUIT;SEASHELLS;4864.0;2
233300;;;AMETHYSTS;SEASHELLS;9998.0;1
233400;;;DIVING_GEAR;SEASHELLS;98970.0;2
233500;;;AMETHYSTS;SEASHELLS;10002.0;2
233500;;;STARFRUIT;SEASHELLS;4863.0;1
233600;;;STARFRUIT;SEASHELLS;4859.0;9
233600;;;AMETHYSTS;SEASHELLS;10004.0;9
233600;;;STARFRUIT;SEASHELLS;4859.0;3
233600;;;AMETHYSTS;SEASHELLS;10004.0;2
233900;;;AMETHYSTS;SEASHELLS;10002.0;5
234000;;;AMETHYSTS;SEASHELLS;10002.0;3
234200;;;DIVING_GEAR;SEASHELLS;98977.0;1
234300;;;STARFRUIT;SEASHELLS;4858.0;1
234300;;;AMETHYSTS;SEASHELLS;9995.0;1
234400;;;STARFRUIT;SEASHELLS;4859.0;1
234400;;;STARFRUIT;SEASHELLS;4865.0;1
234400;;;AMETHYSTS;SEASHELLS;9995.0;1
234900;;;STARFRUIT;SEASHELLS;4859.0;1
235200;;;STARFRUIT;SEASHELLS;4860.0;1
235300;;;STARFRUIT;SEASHELLS;4864.0;1
235400;;;AMETHYSTS;SEASHELLS;10002.0;1
235400;;;STARFRUIT;SEASHELLS;4859.0;1
235500;;;BERRIES;SEASHELLS;3907.0;3
235900;;;AMETHYSTS;SEASHELLS;10002.0;1
236200;;;AMETHYSTS;SEASHELLS;10002.0;1
236300;;;COCONUTS;SEASHELLS;7969.0;52
236400;;;DIVING_GEAR;SEASHELLS;98982.0;2
236500;;;STARFRUIT;SEASHELLS;4859.0;1
236500;;;PINA_COLADAS;SEASHELLS;14992.0;9
236800;;;PINA_COLADAS;SEASHELLS;14995.0;4
236900;;;STARFRUIT;SEASHELLS;4865.0;12
237100;;;AMETHYSTS;SEASHELLS;10004.0;1
237100;;;AMETHYSTS;SEASHELLS;10004.0;1
237100;;;STARFRUIT;SEASHELLS;4865.0;1
237100;;;STARFRUIT;SEASHELLS;4865.0;1
237400;;;DIVING_GEAR;SEASHELLS;98993.0;3
237500;;;STARFRUIT;SEASHELLS;4864.0;4
237500;;;STARFRUIT;SEASHELLS;4864.0;1
237600;;;PINA_COLADAS;SEASHELLS;15004.0;2
237700;;;STARFRUIT;SEASHELLS;4859.0;1
238200;;;AMETHYSTS;SEASHELLS;9998.0;9
238300;;;STARFRUIT;SEASHELLS;4861.0;1
238400;;;AMETHYSTS;SEASHELLS;9998.0;1
238400;;;DIVING_GEAR;SEASHELLS;98974.0;1
238400;;;AMETHYSTS;SEASHELLS;9998.0;1
238500;;;AMETHYSTS;SEASHELLS;9996.0;2
238700;;;AMETHYSTS;SEASHELLS;9998.0;9
238800;;;STARFRUIT;SEASHELLS;4862.0;1
238800;;;AMETHYSTS;SEASHELLS;10004.0;2
239200;;;STARFRUIT;SEASHELLS;4862.0;1
239200;;;COCONUTS;SEASHELLS;7966.0;60
239200;;;STARFRUIT;SEASHELLS;4864.0;2
239300;;;STARFRUIT;SEASHELLS;4866.0;4
239400;;;STARFRUIT;SEASHELLS;4862.0;1
239400;;;AMETHYSTS;SEASHELLS;9998.0;1
239900;;;STARFRUIT;SEASHELLS;4866.0;4
240000;;;AMETHYSTS;SEASHELLS;10005.0;4
240400;;;STARFRUIT;SEASHELLS;4861.0;9
240400;;;STARFRUIT;SEASHELLS;4861.0;1
240500;;;BERRIES;SEASHELLS;3905.0;3
240600;;;AMETHYSTS;SEASHELLS;10004.0;2
240600;;;STARFRUIT;SEASHELLS;4861.0;1
240600;;;AMETHYSTS;SEASHELLS;10004.0;10
241300;;;STARFRUIT;SEASHELLS;4860.0;18
241300;;;AMETHYSTS;SEASHELLS;10002.0;1
241300;;;STARFRUIT;SEASHELLS;4859.0;1
241300;;;STARFRUIT;SEASHELLS;4860.0;1
241400;;;AMETHYSTS;SEASHELLS;9998.0;1
241700;;;AMETHYSTS;SEASHELLS;9996.0;1
241700;;;BERRIES;SEASHELLS;3902.0;8
241700;;;STARFRUIT;SEASHELLS;4859.0;1
241900;;;STARFRUIT;SEASHELLS;4864.0;1
242200;;;AMETHYSTS;SEASHELLS;9998.0;1
242300;;;STARFRUIT;SEASHELLS;4865.0;1
242600;;;AMETHYSTS;SEASHELLS;10002.0;1
242700;;;AMETHYSTS;SEASHELLS;9996.0;1
242700;;;AMETHYSTS;SEASHELLS;9996.0;1
242700;;;DIVING_GEAR;SEASHELLS;98993.0;2
242700;;;STARFRUIT;SEASHELLS;4859.0;2
242900;;;STARFRUIT;SEASHELLS;4865.0;1
243000;;;AMETHYSTS;SEASHELLS;9998.0;1
243000;;;STARFRUIT;SEASHELLS;4860.0;2
243000;;;STARFRUIT;SEASHELLS;4860.0;1
243000;;;AMETHYSTS;SEASHELLS;9995.0;2
243000;;;STARFRUIT;SEASHELLS;4862.0;3
243100;;;STARFRUIT;SEASHELLS;4861.0;1
243200;;;DIVING_GEAR;SEASHELLS;98998.0;2
243300;;;BERRIES;SEASHELLS;3902.0;20
243400;;;AMETHYSTS;SEASHELLS;9998.0;1
243400;;;STARFRUIT;SEASHELLS;4866.0;1
243700;;;AMETHYSTS;SEASHELLS;9996.0;6
243700;;;AMETHYSTS;SEASHELLS;9996.0;1
243800;;;BERRIES;SEASHELLS;3907.0;1
244100;;;DIVING_GEAR;SEASHELLS;99017.0;1
244300;;;AMETHYSTS;SEASHELLS;10002.0;1
244400;;;AMETHYSTS;SEASHELLS;10004.0;2
244400;;;STARFRUIT;SEASHELLS;4867.0;2
244400;;;AMETHYSTS;SEASHELLS;10002.0;4
244600;;;STARFRUIT;SEASHELLS;4867.0;1
244600;;;AMETHYSTS;SEASHELLS;9998.0;5
244800;;;STARFRUIT;SEASHELLS;4863.0;1
244800;;;AMETHYSTS;SEASHELLS;9995.0;2
244800;;;STARFRUIT;SEASHELLS;4862.0;2
244900;;;AMETHYSTS;SEASHELLS;9995.0;2
244900;;;AMETHYSTS;SEASHELLS;10005.0;8
244900;;;STARFRUIT;SEASHELLS;4867.0;1
244900;;;STARFRUIT;SEASHELLS;4862.0;2
245000;;;AMETHYSTS;SEASHELLS;9998.0;5
245600;;;STARFRUIT;SEASHELLS;4867.0;1
245800;;;STARFRUIT;SEASHELLS;4861.0;1
245900;;;PINA_COLADAS;SEASHELLS;14984.0;23
246000;;;STARFRUIT;SEASHELLS;4867.0;1
246100;;;AMETHYSTS;SEASHELLS;9998.0;5
246300;;;BERRIES;SEASHELLS;3908.0;14
246500;;;AMETHYSTS;SEASHELLS;9998.0;4
246700;;;COCONUTS;SEASHELLS;7960.0;14
247100;;;AMETHYSTS;SEASHELLS;9995.0;4
247300;;;DIVING_GEAR;SEASHELLS;98997.0;3
247900;;;AMETHYSTS;SEASHELLS;10004.0;2
247900;;;AMETHYSTS;SEASHELLS;10004.0;2
248500;;;DIVING_GEAR;SEASHELLS;99021.0;3
249200;;;AMETHYSTS;SEASHELLS;9995.0;2
249300;;;STARFRUIT;SEASHELLS;4857.0;1
249300;;;AMETHYSTS;SEASHELLS;10002.0;1
249400;;;PINA_COLADAS;SEASHELLS;14995.0;4
249800;;;PINA_COLADAS;SEASHELLS;14990.0;2
250000;;;AMETHYSTS;SEASHELLS;9998.0;1
250000;;;COCONUTS;SEASHELLS;7964.0;10
250000;;;STARFRUIT;SEASHELLS;4860.0;1
250100;;;STARFRUIT;SEASHELLS;4859.0;3
250200;;;AMETHYSTS;SEASHELLS;10002.0;3
250200;;;STARFRUIT;SEASHELLS;4855.0;16
250200;;;STARFRUIT;SEASHELLS;4855.0;4
250300;;;DIVING_GEAR;SEASHELLS;99070.0;2
250300;;;COCONUTS;SEASHELLS;7963.0;9
250400;;;BERRIES;SEASHELLS;3909.0;11
250500;;;AMETHYSTS;SEASHELLS;10004.0;1
250500;;;STARFRUIT;SEASHELLS;4861.0;1
250500;;;STARFRUIT;SEASHELLS;4855.0;1
250600;;;STARFRUIT;SEASHELLS;4859.0;11
251100;;;DIVING_GEAR;SEASHELLS;99026.0;1
251200;;;STARFRUIT;SEASHELLS;4862.0;1
251200;;;BERRIES;SEASHELLS;3906.0;3
251200;;;AMETHYSTS;SEASHELLS;10005.0;1
251300;;;STARFRUIT;SEASHELLS;4860.0;1
251300;;;BERRIES;SEASHELLS;3909.0;10
251400;;;STARFRUIT;SEASHELLS;4855.0;1
251700;;;AMETHYSTS;SEASHELLS;10002.0;1
251900;;;STARFRUIT;SEASHELLS;4859.0;1
251900;;;BERRIES;SEASHELLS;3909.0;1
251900;;;COCONUTS;SEASHELLS;7962.0;13
251900;;;AMETHYSTS;SEASHELLS;9998.0;1
252400;;;AMETHYSTS;SEASHELLS;10004.0;2
252500;;;BERRIES;SEASHELLS;3911.0;17
252500;;;AMETHYSTS;SEASHELLS;9996.0;2
252700;;;DIVING_GEAR;SEASHELLS;99006.0;3
253000;;;STARFRUIT;SEASHELLS;4856.0;1
253000;;;DIVING_GEAR;SEASHELLS;99031.0;2
253100;;;DIVING_GEAR;SEASHELLS;99031.0;2
253300;;;COCONUTS;SEASHELLS;7965.0;5
253400;;;BERRIES;SEASHELLS;3912.0;2
253400;;;AMETHYSTS;SEASHELLS;10000.0;2
253600;;;STARFRUIT;SEASHELLS;4860.0;1
253900;;;COCONUTS;SEASHELLS;7966.0;12
254000;;;STARFRUIT;SEASHELLS;4855.0;1
254100;;;AMETHYSTS;SEASHELLS;10005.0;2
254100;;;STARFRUIT;SEASHELLS;4862.0;2
254400;;;STARFRUIT;SEASHELLS;4861.0;1
254700;;;STARFRUIT;SEASHELLS;4858.0;1
254700;;;PINA_COLADAS;SEASHELLS;15002.0;2
254700;;;BERRIES;SEASHELLS;3903.0;13
254700;;;AMETHYSTS;SEASHELLS;9996.0;1
254800;;;STARFRUIT;SEASHELLS;4858.0;2
254800;;;STARFRUIT;SEASHELLS;4859.0;1
255000;;;PINA_COLADAS;SEASHELLS;15006.0;5
255100;;;AMETHYSTS;SEASHELLS;10004.0;1
255100;;;STARFRUIT;SEASHELLS;4859.0;1
255300;;;AMETHYSTS;SEASHELLS;10002.0;3
255300;;;DIVING_GEAR;SEASHELLS;99046.0;3
255400;;;STARFRUIT;SEASHELLS;4852.0;2
255400;;;AMETHYSTS;SEASHELLS;9996.0;2
255500;;;PINA_COLADAS;SEASHELLS;15006.0;6
255600;;;STARFRUIT;SEASHELLS;4851.0;1
255600;;;BERRIES;SEASHELLS;3903.0;6
255700;;;AMETHYSTS;SEASHELLS;10004.0;2
255700;;;STARFRUIT;SEASHELLS;4858.0;2
255900;;;STARFRUIT;SEASHELLS;4857.0;1
255900;;;BERRIES;SEASHELLS;3909.0;5
256300;;;STARFRUIT;SEASHELLS;4853.0;4
256300;;;STARFRUIT;SEASHELLS;4853.0;7
256400;;;STARFRUIT;SEASHELLS;4852.0;1
256400;;;DIVING_GEAR;SEASHELLS;99064.0;1
256500;;;PINA_COLADAS;SEASHELLS;15004.0;30
256800;;;AMETHYSTS;SEASHELLS;10002.0;3
256800;;;COCONUTS;SEASHELLS;7967.0;8
257200;;;STARFRUIT;SEASHELLS;4856.0;1
257200;;;AMETHYSTS;SEASHELLS;10002.0;1
257300;;;AMETHYSTS;SEASHELLS;10002.0;1
257400;;;AMETHYSTS;SEASHELLS;10002.0;1
257400;;;STARFRUIT;SEASHELLS;4857.0;1
257400;;;AMETHYSTS;SEASHELLS;10005.0;1
257500;;;STARFRUIT;SEASHELLS;4852.0;1
257900;;;AMETHYSTS;SEASHELLS;10002.0;1
258100;;;DIVING_GEAR;SEASHELLS;99101.0;1
258200;;;PINA_COLADAS;SEASHELLS;15006.0;3
258600;;;AMETHYSTS;SEASHELLS;10002.0;2
258800;;;BERRIES;SEASHELLS;3904.0;5
258900;;;STARFRUIT;SEASHELLS;4855.0;2
258900;;;AMETHYSTS;SEASHELLS;10004.0;9
258900;;;AMETHYSTS;SEASHELLS;10004.0;2
258900;;;STARFRUIT;SEASHELLS;4855.0;7
259000;;;STARFRUIT;SEASHELLS;4854.0;1
259100;;;STARFRUIT;SEASHELLS;4851.0;1
259100;;;AMETHYSTS;SEASHELLS;9996.0;2
259200;;;STARFRUIT;SEASHELLS;4855.0;15
259400;;;PINA_COLADAS;SEASHELLS;15017.0;3
259400;;;AMETHYSTS;SEASHELLS;10002.0;1
259700;;;DIVING_GEAR;SEASHELLS;99075.0;2
259800;;;STARFRUIT;SEASHELLS;4852.0;1
260000;;;STARFRUIT;SEASHELLS;4846.0;6
260100;;;STARFRUIT;SEASHELLS;4846.0;1
260300;;;STARFRUIT;SEASHELLS;4845.0;1
260500;;;BERRIES;SEASHELLS;3912.0;14
260700;;;AMETHYSTS;SEASHELLS;10005.0;8
260900;;;STARFRUIT;SEASHELLS;4851.0;1
261100;;;STARFRUIT;SEASHELLS;4846.0;1
261300;;;STARFRUIT;SEASHELLS;4846.0;1
261700;;;PINA_COLADAS;SEASHELLS;15018.0;5
261800;;;STARFRUIT;SEASHELLS;4850.0;1
262500;;;BERRIES;SEASHELLS;3913.0;14
262700;;;STARFRUIT;SEASHELLS;4846.0;5
263100;;;STARFRUIT;SEASHELLS;4845.0;7
263300;;;AMETHYSTS;SEASHELLS;10002.0;1
263400;;;BERRIES;SEASHELLS;3906.0;3
263400;;;AMETHYSTS;SEASHELLS;10002.0;1
263500;;;STARFRUIT;SEASHELLS;4847.0;1
263500;;;BERRIES;SEASHELLS;3910.0;4
263500;;;AMETHYSTS;SEASHELLS;9998.0;1
263600;;;DIVING_GEAR;SEASHELLS;99133.0;1
263700;;;AMETHYSTS;SEASHELLS;9998.0;1
263700;;;DIVING_GEAR;SEASHELLS;99140.0;3
264000;;;AMETHYSTS;SEASHELLS;9998.0;8
264000;;;STARFRUIT;SEASHELLS;4852.0;9
264200;;;BERRIES;SEASHELLS;3906.0;12
264200;;;STARFRUIT;SEASHELLS;4852.0;2
264200;;;AMETHYSTS;SEASHELLS;10004.0;1
264300;;;AMETHYSTS;SEASHELLS;9996.0;1
264300;;;STARFRUIT;SEASHELLS;4846.0;1
264300;;;AMETHYSTS;SEASHELLS;9998.0;6
264400;;;STARFRUIT;SEASHELLS;4847.0;2
264700;;;COCONUTS;SEASHELLS;7978.0;6
264800;;;BERRIES;SEASHELLS;3907.0;9
265000;;;PINA_COLADAS;SEASHELLS;15001.0;11
265200;;;AMETHYSTS;SEASHELLS;9995.0;1
265200;;;STARFRUIT;SEASHELLS;4847.0;1
265300;;;STARFRUIT;SEASHELLS;4854.0;2
265300;;;AMETHYSTS;SEASHELLS;10004.0;2
265700;;;AMETHYSTS;SEASHELLS;9998.0;2
265700;;;STARFRUIT;SEASHELLS;4847.0;2
265900;;;BERRIES;SEASHELLS;3913.0;3
265900;;;COCONUTS;SEASHELLS;7975.0;14
265900;;;DIVING_GEAR;SEASHELLS;99143.0;1
266000;;;STARFRUIT;SEASHELLS;4847.0;1
266200;;;AMETHYSTS;SEASHELLS;10002.0;2
266600;;;STARFRUIT;SEASHELLS;4849.0;4
266600;;;STARFRUIT;SEASHELLS;4848.0;1
266900;;;BERRIES;SEASHELLS;3910.0;1
267200;;;COCONUTS;SEASHELLS;7980.0;10
267200;;;STARFRUIT;SEASHELLS;4848.0;4
267200;;;AMETHYSTS;SEASHELLS;10002.0;1
267400;;;DIVING_GEAR;SEASHELLS;99182.0;1
267600;;;STARFRUIT;SEASHELLS;4850.0;1
267700;;;PINA_COLADAS;SEASHELLS;15007.0;5
267700;;;STARFRUIT;SEASHELLS;4850.0;1
267700;;;AMETHYSTS;SEASHELLS;9996.0;1
267900;;;AMETHYSTS;SEASHELLS;9998.0;1
267900;;;AMETHYSTS;SEASHELLS;9995.0;3
268000;;;STARFRUIT;SEASHELLS;4855.0;2
268000;;;AMETHYSTS;SEASHELLS;9995.0;2
268000;;;STARFRUIT;SEASHELLS;4855.0;4
268200;;;STARFRUIT;SEASHELLS;4850.0;19
268400;;;STARFRUIT;SEASHELLS;4855.0;1
268500;;;AMETHYSTS;SEASHELLS;10002.0;1
268600;;;AMETHYSTS;SEASHELLS;10005.0;2
268600;;;STARFRUIT;SEASHELLS;4856.0;2
268900;;;STARFRUIT;SEASHELLS;4855.0;2
269000;;;STARFRUIT;SEASHELLS;4856.0;2
269000;;;AMETHYSTS;SEASHELLS;10005.0;2
269400;;;AMETHYSTS;SEASHELLS;9998.0;1
269800;;;STARFRUIT;SEASHELLS;4848.0;1
269900;;;STARFRUIT;SEASHELLS;4848.0;2
269900;;;AMETHYSTS;SEASHELLS;9996.0;1
270000;;;AMETHYSTS;SEASHELLS;9998.0;4
270000;;;STARFRUIT;SEASHELLS;4848.0;11
270000;;;STARFRUIT;SEASHELLS;4848.0;1
270100;;;STARFRUIT;SEASHELLS;4852.0;1
270100;;;AMETHYSTS;SEASHELLS;10002.0;1
270400;;;STARFRUIT;SEASHELLS;4847.0;1
270600;;;STARFRUIT;SEASHELLS;4847.0;4
270900;;;AMETHYSTS;SEASHELLS;9998.0;1
270900;;;STARFRUIT;SEASHELLS;4849.0;3
271000;;;DIVING_GEAR;SEASHELLS;99208.0;2
271000;;;STARFRUIT;SEASHELLS;4847.0;1
271400;;;AMETHYSTS;SEASHELLS;10002.0;2
271700;;;STARFRUIT;SEASHELLS;4852.0;10
271800;;;STARFRUIT;SEASHELLS;4852.0;1
271900;;;STARFRUIT;SEASHELLS;4848.0;1
271900;;;STARFRUIT;SEASHELLS;4854.0;4
271900;;;AMETHYSTS;SEASHELLS;9998.0;1
271900;;;AMETHYSTS;SEASHELLS;9998.0;4
272000;;;STARFRUIT;SEASHELLS;4852.0;2
272000;;;AMETHYSTS;SEASHELLS;10000.0;1
272000;;;BERRIES;SEASHELLS;3910.0;1
272000;;;AMETHYSTS;SEASHELLS;9998.0;1
272300;;;STARFRUIT;SEASHELLS;4852.0;1
272500;;;BERRIES;SEASHELLS;3915.0;1
272800;;;STARFRUIT;SEASHELLS;4848.0;1
273100;;;AMETHYSTS;SEASHELLS;10002.0;1
273200;;;STARFRUIT;SEASHELLS;4852.0;1
273200;;;DIVING_GEAR;SEASHELLS;99212.0;1
273700;;;STARFRUIT;SEASHELLS;4847.0;1
273800;;;STARFRUIT;SEASHELLS;4851.0;5
273800;;;AMETHYSTS;SEASHELLS;10004.0;4
273800;;;AMETHYSTS;SEASHELLS;10004.0;1
273900;;;STARFRUIT;SEASHELLS;4851.0;4
274000;;;AMETHYSTS;SEASHELLS;9998.0;1
274100;;;AMETHYSTS;SEASHELLS;10002.0;3
274300;;;AMETHYSTS;SEASHELLS;9995.0;3
274600;;;COCONUTS;SEASHELLS;7967.0;16
274600;;;STARFRUIT;SEASHELLS;4848.0;1
275000;;;STARFRUIT;SEASHELLS;4852.0;5
275100;;;AMETHYSTS;SEASHELLS;9998.0;1
275100;;;STARFRUIT;SEASHELLS;4848.0;1
275400;;;STARFRUIT;SEASHELLS;4854.0;3
275600;;;STARFRUIT;SEASHELLS;4853.0;1
275600;;;STARFRUIT;SEASHELLS;4853.0;19
275800;;;STARFRUIT;SEASHELLS;4853.0;1
276100;;;STARFRUIT;SEASHELLS;4847.0;2
276500;;;AMETHYSTS;SEASHELLS;9995.0;9
276600;;;STARFRUIT;SEASHELLS;4846.0;1
276700;;;AMETHYSTS;SEASHELLS;10002.0;1
276700;;;STARFRUIT;SEASHELLS;4846.0;2
276800;;;DIVING_GEAR;SEASHELLS;99253.0;1
276900;;;BERRIES;SEASHELLS;3919.0;13
277000;;;BERRIES;SEASHELLS;3920.0;5
277100;;;AMETHYSTS;SEASHELLS;10005.0;10
277300;;;AMETHYSTS;SEASHELLS;9995.0;8
277800;;;STARFRUIT;SEASHELLS;4844.0;1
277900;;;STARFRUIT;SEASHELLS;4850.0;8
278100;;;STARFRUIT;SEASHELLS;4849.0;1
278200;;;AMETHYSTS;SEASHELLS;10002.0;3
278200;;;STARFRUIT;SEASHELLS;4848.0;3
278400;;;DIVING_GEAR;SEASHELLS;99305.0;2
278600;;;PINA_COLADAS;SEASHELLS;14942.0;5
278900;;;AMETHYSTS;SEASHELLS;9995.0;2
278900;;;STARFRUIT;SEASHELLS;4843.0;2
279100;;;AMETHYSTS;SEASHELLS;9995.0;1
279100;;;STARFRUIT;SEASHELLS;4846.0;1
279200;;;STARFRUIT;SEASHELLS;4849.0;1
279200;;;AMETHYSTS;SEASHELLS;10002.0;1
279400;;;AMETHYSTS;SEASHELLS;9998.0;5
279400;;;STARFRUIT;SEASHELLS;4845.0;1
279400;;;AMETHYSTS;SEASHELLS;9996.0;1
279500;;;AMETHYSTS;SEASHELLS;10004.0;2
279600;;;STARFRUIT;SEASHELLS;4845.0;1
279600;;;STARFRUIT;SEASHELLS;4845.0;1
280100;;;STARFRUIT;SEASHELLS;4844.0;1
280300;;;AMETHYSTS;SEASHELLS;10002.0;2
280400;;;AMETHYSTS;SEASHELLS;9998.0;1
280700;;;BERRIES;SEASHELLS;3913.0;7
281700;;;STARFRUIT;SEASHELLS;4842.0;1
281700;;;DIVING_GEAR;SEASHELLS;99358.0;1
282000;;;STARFRUIT;SEASHELLS;4843.0;1
282300;;;STARFRUIT;SEASHELLS;4843.0;1
282400;;;COCONUTS;SEASHELLS;7952.0;58
282900;;;STARFRUIT;SEASHELLS;4844.0;2
282900;;;AMETHYSTS;SEASHELLS;10002.0;9
282900;;;AMETHYSTS;SEASHELLS;10002.0;1
283100;;;AMETHYSTS;SEASHELLS;9996.0;2
283100;;;STARFRUIT;SEASHELLS;4844.0;2
283400;;;AMETHYSTS;SEASHELLS;10002.0;2
283400;;;STARFRUIT;SEASHELLS;4851.0;12
283500;;;STARFRUIT;SEASHELLS;4849.0;1
283700;;;STARFRUIT;SEASHELLS;4845.0;1
283900;;;AMETHYSTS;SEASHELLS;9998.0;5
283900;;;STARFRUIT;SEASHELLS;4852.0;6
284500;;;AMETHYSTS;SEASHELLS;10005.0;1
284500;;;STARFRUIT;SEASHELLS;4850.0;3
284500;;;STARFRUIT;SEASHELLS;4852.0;1
284600;;;STARFRUIT;SEASHELLS;4851.0;1
284700;;;STARFRUIT;SEASHELLS;4851.0;5
284700;;;AMETHYSTS;SEASHELLS;10002.0;1
284700;;;STARFRUIT;SEASHELLS;4851.0;5
285000;;;AMETHYSTS;SEASHELLS;9998.0;3
285000;;;AMETHYSTS;SEASHELLS;9996.0;1
285000;;;STARFRUIT;SEASHELLS;4846.0;1
285000;;;AMETHYSTS;SEASHELLS;9998.0;1
285100;;;AMETHYSTS;SEASHELLS;9995.0;1
285100;;;STARFRUIT;SEASHELLS;4845.0;1
285200;;;STARFRUIT;SEASHELLS;4851.0;1
285300;;;STARFRUIT;SEASHELLS;4851.0;1
285300;;;COCONUTS;SEASHELLS;7945.0;24
285300;;;STARFRUIT;SEASHELLS;4851.0;7
285400;;;AMETHYSTS;SEASHELLS;10004.0;1
285500;;;AMETHYSTS;SEASHELLS;10002.0;1
285500;;;STARFRUIT;SEASHELLS;4848.0;1
285800;;;AMETHYSTS;SEASHELLS;9998.0;1
285900;;;AMETHYSTS;SEASHELLS;10002.0;1
285900;;;BERRIES;SEASHELLS;3909.0;20
286000;;;AMETHYSTS;SEASHELLS;9996.0;6
286000;;;AMETHYSTS;SEASHELLS;9996.0;2
286400;;;AMETHYSTS;SEASHELLS;10002.0;6
286600;;;STARFRUIT;SEASHELLS;4845.0;1
286600;;;AMETHYSTS;SEASHELLS;10002.0;1
286700;;;STARFRUIT;SEASHELLS;4845.0;1
287400;;;STARFRUIT;SEASHELLS;4848.0;10
287400;;;STARFRUIT;SEASHELLS;4848.0;10
287500;;;COCONUTS;SEASHELLS;7948.0;12
287700;;;DIVING_GEAR;SEASHELLS;99398.0;2
287800;;;STARFRUIT;SEASHELLS;4850.0;9
287800;;;AMETHYSTS;SEASHELLS;9998.0;1
288200;;;AMETHYSTS;SEASHELLS;10002.0;1
288300;;;BERRIES;SEASHELLS;3912.0;1
288700;;;STARFRUIT;SEASHELLS;4849.0;1
288800;;;STARFRUIT;SEASHELLS;4849.0;1
288900;;;AMETHYSTS;SEASHELLS;9995.0;2
289100;;;STARFRUIT;SEASHELLS;4845.0;1
289200;;;AMETHYSTS;SEASHELLS;10002.0;1
289300;;;DIVING_GEAR;SEASHELLS;99382.0;1
289800;;;BERRIES;SEASHELLS;3908.0;12
290300;;;AMETHYSTS;SEASHELLS;10004.0;1
290300;;;STARFRUIT;SEASHELLS;4850.0;1
290400;;;AMETHYSTS;SEASHELLS;10002.0;4
290500;;;BERRIES;SEASHELLS;3914.0;10
290500;;;BERRIES;SEASHELLS;3915.0;5
290800;;;STARFRUIT;SEASHELLS;4845.0;6
290900;;;BERRIES;SEASHELLS;3907.0;9
291000;;;STARFRUIT;SEASHELLS;4850.0;1
291100;;;DIVING_GEAR;SEASHELLS;99318.0;1
291100;;;PINA_COLADAS;SEASHELLS;14938.0;8
291300;;;STARFRUIT;SEASHELLS;4850.0;1
291300;;;STARFRUIT;SEASHELLS;4845.0;12
291400;;;AMETHYSTS;SEASHELLS;9996.0;6
291400;;;AMETHYSTS;SEASHELLS;9996.0;1
291500;;;STARFRUIT;SEASHELLS;4843.0;2
291900;;;STARFRUIT;SEASHELLS;4845.0;1
292100;;;BERRIES;SEASHELLS;3906.0;1
292200;;;STARFRUIT;SEASHELLS;4845.0;1
292500;;;AMETHYSTS;SEASHELLS;10002.0;1
292900;;;STARFRUIT;SEASHELLS;4844.0;1
293400;;;BERRIES;SEASHELLS;3908.0;11
293700;;;AMETHYSTS;SEASHELLS;9996.0;1
293700;;;STARFRUIT;SEASHELLS;4842.0;1
293800;;;AMETHYSTS;SEASHELLS;9998.0;4
293900;;;BERRIES;SEASHELLS;3907.0;7
294100;;;AMETHYSTS;SEASHELLS;10004.0;1
294100;;;STARFRUIT;SEASHELLS;4849.0;1
294100;;;STARFRUIT;SEASHELLS;4847.0;1
294200;;;BERRIES;SEASHELLS;3914.0;18
294500;;;STARFRUIT;SEASHELLS;4848.0;1
294500;;;AMETHYSTS;SEASHELLS;10005.0;1
294600;;;AMETHYSTS;SEASHELLS;10002.0;1
294600;;;DIVING_GEAR;SEASHELLS;99298.0;2
295000;;;AMETHYSTS;SEASHELLS;9998.0;1
295200;;;AMETHYSTS;SEASHELLS;10005.0;2
295200;;;STARFRUIT;SEASHELLS;4843.0;1
295300;;;STARFRUIT;SEASHELLS;4843.0;1
295300;;;AMETHYSTS;SEASHELLS;10002.0;6
295500;;;AMETHYSTS;SEASHELLS;10004.0;1
295500;;;STARFRUIT;SEASHELLS;4849.0;2
295500;;;PINA_COLADAS;SEASHELLS;14917.0;4
295600;;;AMETHYSTS;SEASHELLS;9996.0;2
295600;;;STARFRUIT;SEASHELLS;4842.0;2
295700;;;BERRIES;SEASHELLS;3909.0;10
295900;;;BERRIES;SEASHELLS;3916.0;15
296300;;;AMETHYSTS;SEASHELLS;9996.0;1
296300;;;STARFRUIT;SEASHELLS;4843.0;1
296300;;;AMETHYSTS;SEASHELLS;9996.0;1
296300;;;STARFRUIT;SEASHELLS;4843.0;2
296400;;;AMETHYSTS;SEASHELLS;10005.0;5
296600;;;STARFRUIT;SEASHELLS;4843.0;4
296600;;;STARFRUIT;SEASHELLS;4843.0;12
296600;;;AMETHYSTS;SEASHELLS;10002.0;1
296600;;;STARFRUIT;SEASHELLS;4843.0;2
296800;;;AMETHYSTS;SEASHELLS;9998.0;1
297100;;;AMETHYSTS;SEASHELLS;10002.0;1
297200;;;DIVING_GEAR;SEASHELLS;99308.0;3
297200;;;PINA_COLADAS;SEASHELLS;14915.0;4
297300;;;BERRIES;SEASHELLS;3918.0;18
297400;;;AMETHYSTS;SEASHELLS;10002.0;1
297500;;;STARFRUIT;SEASHELLS;4841.0;1
297700;;;BERRIES;SEASHELLS;3919.0;1
297800;;;BERRIES;SEASHELLS;3919.0;13
298500;;;STARFRUIT;SEASHELLS;4847.0;11
298700;;;STARFRUIT;SEASHELLS;4841.0;1
298700;;;STARFRUIT;SEASHELLS;4840.0;14
298800;;;STARFRUIT;SEASHELLS;4843.0;3
298800;;;STARFRUIT;SEASHELLS;4846.0;1
298900;;;STARFRUIT;SEASHELLS;4841.0;1
299300;;;AMETHYSTS;SEASHELLS;9998.0;5
299300;;;STARFRUIT;SEASHELLS;4844.0;12
299500;;;STARFRUIT;SEASHELLS;4847.0;2
299500;;;AMETHYSTS;SEASHELLS;10004.0;1
299500;;;COCONUTS;SEASHELLS;7945.0;11
299500;;;AMETHYSTS;SEASHELLS;10004.0;1
299900;;;STARFRUIT;SEASHELLS;4847.0;1
300100;;;STARFRUIT;SEASHELLS;4842.0;1
300100;;;PINA_COLADAS;SEASHELLS;14914.0;6
300200;;;STARFRUIT;SEASHELLS;4842.0;1
300600;;;STARFRUIT;SEASHELLS;4842.0;1
300800;;;COCONUTS;SEASHELLS;7943.0;9
301000;;;AMETHYSTS;SEASHELLS;10002.0;1
301100;;;AMETHYSTS;SEASHELLS;10002.0;1
301200;;;STARFRUIT;SEASHELLS;4843.0;1
301300;;;BERRIES;SEASHELLS;3922.0;10
301400;;;AMETHYSTS;SEASHELLS;9996.0;1
301400;;;PINA_COLADAS;SEASHELLS;14910.0;27
301400;;;STARFRUIT;SEASHELLS;4844.0;1
301500;;;AMETHYSTS;SEASHELLS;10002.0;1
301700;;;AMETHYSTS;SEASHELLS;10002.0;1
301800;;;STARFRUIT;SEASHELLS;4844.0;1
301900;;;AMETHYSTS;SEASHELLS;10002.0;3
301900;;;AMETHYSTS;SEASHELLS;10002.0;1
302300;;;AMETHYSTS;SEASHELLS;10004.0;1
302500;;;AMETHYSTS;SEASHELLS;9998.0;1
302600;;;COCONUTS;SEASHELLS;7944.0;6
302600;;;COCONUTS;SEASHELLS;7942.0;23
302600;;;STARFRUIT;SEASHELLS;4844.0;1
302800;;;AMETHYSTS;SEASHELLS;10002.0;1
303600;;;STARFRUIT;SEASHELLS;4842.0;7
304400;;;STARFRUIT;SEASHELLS;4842.0;4
304500;;;COCONUTS;SEASHELLS;7942.0;7
304500;;;STARFRUIT;SEASHELLS;4842.0;1
304700;;;AMETHYSTS;SEASHELLS;9998.0;1
304800;;;AMETHYSTS;SEASHELLS;10002.0;9
305000;;;STARFRUIT;SEASHELLS;4843.0;1
305000;;;AMETHYSTS;SEASHELLS;9998.0;2
305400;;;BERRIES;SEASHELLS;3913.0;9
305400;;;STARFRUIT;SEASHELLS;4842.0;1
305500;;;STARFRUIT;SEASHELLS;4842.0;2
305600;;;STARFRUIT;SEASHELLS;4848.0;7
305800;;;STARFRUIT;SEASHELLS;4847.0;1
305900;;;AMETHYSTS;SEASHELLS;9998.0;1
306000;;;STARFRUIT;SEASHELLS;4842.0;1
306500;;;DIVING_GEAR;SEASHELLS;99217.0;3
306700;;;DIVING_GEAR;SEASHELLS;99227.0;3
306800;;;AMETHYSTS;SEASHELLS;10002.0;2
306800;;;AMETHYSTS;SEASHELLS;10002.0;1
306800;;;AMETHYSTS;SEASHELLS;10005.0;7
307000;;;DIVING_GEAR;SEASHELLS;99235.0;1
307300;;;AMETHYSTS;SEASHELLS;10002.0;1
308000;;;AMETHYSTS;SEASHELLS;10002.0;3
308100;;;STARFRUIT;SEASHELLS;4846.0;1
308200;;;STARFRUIT;SEASHELLS;4850.0;1
308300;;;BERRIES;SEASHELLS;3914.0;17
308400;;;STARFRUIT;SEASHELLS;4851.0;1
308400;;;AMETHYSTS;SEASHELLS;9998.0;3
308400;;;AMETHYSTS;SEASHELLS;9998.0;1
308500;;;DIVING_GEAR;SEASHELLS;99231.0;2
308700;;;STARFRUIT;SEASHELLS;4844.0;12
308900;;;AMETHYSTS;SEASHELLS;10005.0;2
308900;;;STARFRUIT;SEASHELLS;4845.0;1
308900;;;STARFRUIT;SEASHELLS;4851.0;2
309000;;;STARFRUIT;SEASHELLS;4845.0;1
309200;;;DIVING_GEAR;SEASHELLS;99232.0;1
309300;;;COCONUTS;SEASHELLS;7946.0;7
309300;;;DIVING_GEAR;SEASHELLS;99228.0;1
309400;;;AMETHYSTS;SEASHELLS;9998.0;1
309900;;;STARFRUIT;SEASHELLS;4852.0;2
309900;;;AMETHYSTS;SEASHELLS;10004.0;2
310100;;;AMETHYSTS;SEASHELLS;9996.0;2
310100;;;AMETHYSTS;SEASHELLS;9996.0;10
310200;;;COCONUTS;SEASHELLS;7947.0;29
310800;;;BERRIES;SEASHELLS;3913.0;10
310800;;;BERRIES;SEASHELLS;3913.0;2
311000;;;DIVING_GEAR;SEASHELLS;99218.0;1
311100;;;COCONUTS;SEASHELLS;7947.0;8
311100;;;AMETHYSTS;SEASHELLS;9998.0;1
311200;;;AMETHYSTS;SEASHELLS;10002.0;1
311300;;;AMETHYSTS;SEASHELLS;9996.0;1
311400;;;AMETHYSTS;SEASHELLS;10002.0;2
311400;;;DIVING_GEAR;SEASHELLS;99236.0;1
311700;;;STARFRUIT;SEASHELLS;4844.0;1
311700;;;BERRIES;SEASHELLS;3920.0;1
311700;;;AMETHYSTS;SEASHELLS;9996.0;1
312000;;;STARFRUIT;SEASHELLS;4845.0;1
312100;;;AMETHYSTS;SEASHELLS;10002.0;1
312200;;;STARFRUIT;SEASHELLS;4850.0;1
312200;;;DIVING_GEAR;SEASHELLS;99244.0;2
312200;;;AMETHYSTS;SEASHELLS;10004.0;1
312500;;;STARFRUIT;SEASHELLS;4848.0;1
312700;;;BERRIES;SEASHELLS;3915.0;4
312800;;;STARFRUIT;SEASHELLS;4851.0;3
312900;;;BERRIES;SEASHELLS;3919.0;8
312900;;;STARFRUIT;SEASHELLS;4845.0;1
313000;;;COCONUTS;SEASHELLS;7947.0;7
313200;;;DIVING_GEAR;SEASHELLS;99251.0;1
313200;;;AMETHYSTS;SEASHELLS;9995.0;3
313800;;;STARFRUIT;SEASHELLS;4845.0;1
314000;;;PINA_COLADAS;SEASHELLS;14932.0;4
314000;;;AMETHYSTS;SEASHELLS;10000.0;6
314100;;;STARFRUIT;SEASHELLS;4850.0;5
314100;;;STARFRUIT;SEASHELLS;4850.0;7
314200;;;STARFRUIT;SEASHELLS;4850.0;1
314200;;;DIVING_GEAR;SEASHELLS;99230.0;1
315000;;;AMETHYSTS;SEASHELLS;10005.0;5
315100;;;STARFRUIT;SEASHELLS;4848.0;10
315200;;;BERRIES;SEASHELLS;3914.0;15
315400;;;DIVING_GEAR;SEASHELLS;99198.0;3
315500;;;STARFRUIT;SEASHELLS;4852.0;1
315600;;;STARFRUIT;SEASHELLS;4848.0;1
315900;;;BERRIES;SEASHELLS;3920.0;1
315900;;;STARFRUIT;SEASHELLS;4848.0;10
316000;;;STARFRUIT;SEASHELLS;4853.0;1
316300;;;BERRIES;SEASHELLS;3912.0;5
316500;;;DIVING_GEAR;SEASHELLS;99187.0;2
316600;;;AMETHYSTS;SEASHELLS;10002.0;1
316700;;;AMETHYSTS;SEASHELLS;10002.0;1
316700;;;DIVING_GEAR;SEASHELLS;99198.0;2
316700;;;PINA_COLADAS;SEASHELLS;14922.0;5
316700;;;STARFRUIT;SEASHELLS;4849.0;1
317000;;;AMETHYSTS;SEASHELLS;9996.0;2
317100;;;STARFRUIT;SEASHELLS;4855.0;13
317200;;;STARFRUIT;SEASHELLS;4849.0;12
317400;;;STARFRUIT;SEASHELLS;4853.0;1
317500;;;DIVING_GEAR;SEASHELLS;99209.0;1
317500;;;DIVING_GEAR;SEASHELLS;99209.0;3
317600;;;DIVING_GEAR;SEASHELLS;99212.0;2
317700;;;DIVING_GEAR;SEASHELLS;99209.0;2
317800;;;BERRIES;SEASHELLS;3911.0;3
317900;;;AMETHYSTS;SEASHELLS;9998.0;1
318700;;;STARFRUIT;SEASHELLS;4847.0;7
318800;;;BERRIES;SEASHELLS;3908.0;7
318900;;;STARFRUIT;SEASHELLS;4854.0;7
319000;;;STARFRUIT;SEASHELLS;4847.0;1
319000;;;AMETHYSTS;SEASHELLS;10002.0;1
319000;;;AMETHYSTS;SEASHELLS;10002.0;5
319200;;;BERRIES;SEASHELLS;3910.0;11
319300;;;STARFRUIT;SEASHELLS;4849.0;1
319300;;;STARFRUIT;SEASHELLS;4854.0;4
319300;;;AMETHYSTS;SEASHELLS;10002.0;1
319300;;;COCONUTS;SEASHELLS;7932.0;8
319300;;;STARFRUIT;SEASHELLS;4855.0;1
319400;;;STARFRUIT;SEASHELLS;4854.0;1
319400;;;DIVING_GEAR;SEASHELLS;99193.0;1
319500;;;AMETHYSTS;SEASHELLS;10002.0;1
319500;;;STARFRUIT;SEASHELLS;4849.0;1
319800;;;STARFRUIT;SEASHELLS;4854.0;3
319800;;;DIVING_GEAR;SEASHELLS;99168.0;1
320100;;;STARFRUIT;SEASHELLS;4850.0;1
320200;;;AMETHYSTS;SEASHELLS;10002.0;1
320300;;;AMETHYSTS;SEASHELLS;10002.0;8
320300;;;AMETHYSTS;SEASHELLS;10004.0;5
320300;;;AMETHYSTS;SEASHELLS;10004.0;1
320500;;;AMETHYSTS;SEASHELLS;10002.0;5
320500;;;AMETHYSTS;SEASHELLS;10002.0;3
320800;;;STARFRUIT;SEASHELLS;4856.0;1
320800;;;AMETHYSTS;SEASHELLS;9995.0;2
321200;;;AMETHYSTS;SEASHELLS;9998.0;1
321500;;;AMETHYSTS;SEASHELLS;10004.0;1
321500;;;AMETHYSTS;SEASHELLS;10004.0;7
321500;;;STARFRUIT;SEASHELLS;4859.0;2
321500;;;AMETHYSTS;SEASHELLS;10005.0;2
321800;;;BERRIES;SEASHELLS;3910.0;3
321900;;;AMETHYSTS;SEASHELLS;9996.0;1
321900;;;AMETHYSTS;SEASHELLS;9996.0;6
322000;;;STARFRUIT;SEASHELLS;4857.0;1
322000;;;AMETHYSTS;SEASHELLS;10002.0;1
322100;;;COCONUTS;SEASHELLS;7935.0;6
322300;;;PINA_COLADAS;SEASHELLS;14898.0;8
322300;;;AMETHYSTS;SEASHELLS;9998.0;1
322300;;;DIVING_GEAR;SEASHELLS;99154.0;2
322600;;;STARFRUIT;SEASHELLS;4858.0;1
322600;;;DIVING_GEAR;SEASHELLS;99135.0;1
322600;;;AMETHYSTS;SEASHELLS;10002.0;1
322700;;;STARFRUIT;SEASHELLS;4853.0;1
322700;;;STARFRUIT;SEASHELLS;4859.0;7
322800;;;DIVING_GEAR;SEASHELLS;99125.0;3
323000;;;BERRIES;SEASHELLS;3914.0;12
323100;;;STARFRUIT;SEASHELLS;4853.0;1
323200;;;STARFRUIT;SEASHELLS;4859.0;2
323200;;;AMETHYSTS;SEASHELLS;10005.0;2
323300;;;STARFRUIT;SEASHELLS;4859.0;2
323300;;;AMETHYSTS;SEASHELLS;10005.0;2
323400;;;BERRIES;SEASHELLS;3912.0;2
323600;;;STARFRUIT;SEASHELLS;4858.0;1
323600;;;BERRIES;SEASHELLS;3912.0;11
323800;;;STARFRUIT;SEASHELLS;4853.0;1
323900;;;STARFRUIT;SEASHELLS;4858.0;1
324000;;;STARFRUIT;SEASHELLS;4857.0;1
324100;;;AMETHYSTS;SEASHELLS;9998.0;4
324100;;;DIVING_GEAR;SEASHELLS;99132.0;3
324200;;;BERRIES;SEASHELLS;3907.0;1
324300;;;AMETHYSTS;SEASHELLS;9998.0;1
324400;;;AMETHYSTS;SEASHELLS;9998.0;1
324400;;;STARFRUIT;SEASHELLS;4855.0;2
324500;;;DIVING_GEAR;SEASHELLS;99123.0;1
324700;;;STARFRUIT;SEASHELLS;4858.0;1
324900;;;STARFRUIT;SEASHELLS;4854.0;13
325100;;;STARFRUIT;SEASHELLS;4856.0;2
325200;;;STARFRUIT;SEASHELLS;4859.0;1
325500;;;DIVING_GEAR;SEASHELLS;99149.0;1
325600;;;AMETHYSTS;SEASHELLS;10004.0;1
325600;;;STARFRUIT;SEASHELLS;4860.0;1
326100;;;AMETHYSTS;SEASHELLS;9998.0;1
326100;;;STARFRUIT;SEASHELLS;4857.0;2
326100;;;STARFRUIT;SEASHELLS;4857.0;1
326100;;;BERRIES;SEASHELLS;3913.0;14
326200;;;STARFRUIT;SEASHELLS;4853.0;1
326200;;;AMETHYSTS;SEASHELLS;9995.0;1
326300;;;STARFRUIT;SEASHELLS;4855.0;4
326300;;;STARFRUIT;SEASHELLS;4859.0;1
326300;;;STARFRUIT;SEASHELLS;4855.0;3
326700;;;AMETHYSTS;SEASHELLS;9998.0;1
326800;;;STARFRUIT;SEASHELLS;4858.0;1
326900;;;COCONUTS;SEASHELLS;7928.0;22
326900;;;AMETHYSTS;SEASHELLS;9996.0;2
326900;;;AMETHYSTS;SEASHELLS;9996.0;1
327200;;;AMETHYSTS;SEASHELLS;9995.0;2
327200;;;STARFRUIT;SEASHELLS;4853.0;2
327300;;;BERRIES;SEASHELLS;3907.0;10
327300;;;STARFRUIT;SEASHELLS;4853.0;1
327800;;;DIVING_GEAR;SEASHELLS;99187.0;1
327800;;;BERRIES;SEASHELLS;3909.0;13
328100;;;STARFRUIT;SEASHELLS;4860.0;2
328100;;;AMETHYSTS;SEASHELLS;10005.0;2
328200;;;AMETHYSTS;SEASHELLS;10002.0;1
328300;;;STARFRUIT;SEASHELLS;4859.0;1
328400;;;AMETHYSTS;SEASHELLS;10002.0;1
328700;;;AMETHYSTS;SEASHELLS;10004.0;1
328700;;;COCONUTS;SEASHELLS;7933.0;43
328700;;;STARFRUIT;SEASHELLS;4857.0;1
329100;;;STARFRUIT;SEASHELLS;4859.0;1
329300;;;COCONUTS;SEASHELLS;7934.0;6
329300;;;AMETHYSTS;SEASHELLS;10002.0;1
329400;;;DIVING_GEAR;SEASHELLS;99164.0;2
329700;;;AMETHYSTS;SEASHELLS;10002.0;1
329900;;;AMETHYSTS;SEASHELLS;9996.0;7
329900;;;AMETHYSTS;SEASHELLS;9996.0;1
330000;;;AMETHYSTS;SEASHELLS;9996.0;1
330000;;;STARFRUIT;SEASHELLS;4856.0;1
330200;;;COCONUTS;SEASHELLS;7937.0;8
330600;;;AMETHYSTS;SEASHELLS;10004.0;1
330600;;;STARFRUIT;SEASHELLS;4861.0;2
330600;;;AMETHYSTS;SEASHELLS;10004.0;1
330800;;;AMETHYSTS;SEASHELLS;10002.0;1
330800;;;AMETHYSTS;SEASHELLS;9995.0;12
330900;;;AMETHYSTS;SEASHELLS;9996.0;2
330900;;;STARFRUIT;SEASHELLS;4860.0;3
330900;;;STARFRUIT;SEASHELLS;4856.0;2
331100;;;DIVING_GEAR;SEASHELLS;99175.0;1
331100;;;STARFRUIT;SEASHELLS;4861.0;1
331200;;;AMETHYSTS;SEASHELLS;9995.0;2
331200;;;STARFRUIT;SEASHELLS;4861.0;1
331300;;;STARFRUIT;SEASHELLS;4857.0;4
331800;;;AMETHYSTS;SEASHELLS;9998.0;1
331900;;;AMETHYSTS;SEASHELLS;9998.0;1
332000;;;DIVING_GEAR;SEASHELLS;99177.0;3
332100;;;DIVING_GEAR;SEASHELLS;99172.0;3
332100;;;AMETHYSTS;SEASHELLS;9996.0;2
332300;;;AMETHYSTS;SEASHELLS;10004.0;9
332300;;;AMETHYSTS;SEASHELLS;10004.0;1
332300;;;AMETHYSTS;SEASHELLS;10002.0;4
332500;;;STARFRUIT;SEASHELLS;4855.0;1
332500;;;AMETHYSTS;SEASHELLS;9995.0;1
332800;;;BERRIES;SEASHELLS;3910.0;11
333000;;;STARFRUIT;SEASHELLS;4860.0;1
333000;;;AMETHYSTS;SEASHELLS;9996.0;1
333000;;;AMETHYSTS;SEASHELLS;9996.0;6
333400;;;AMETHYSTS;SEASHELLS;10004.0;4
333400;;;AMETHYSTS;SEASHELLS;10004.0;1
333400;;;STARFRUIT;SEASHELLS;4860.0;1
333500;;;STARFRUIT;SEASHELLS;4854.0;1
333500;;;AMETHYSTS;SEASHELLS;9996.0;1
333800;;;STARFRUIT;SEASHELLS;4854.0;1
334100;;;STARFRUIT;SEASHELLS;4860.0;20
334300;;;STARFRUIT;SEASHELLS;4855.0;1
334800;;;DIVING_GEAR;SEASHELLS;99132.0;2
335200;;;STARFRUIT;SEASHELLS;4855.0;1
335400;;;PINA_COLADAS;SEASHELLS;14906.0;25
336100;;;DIVING_GEAR;SEASHELLS;99164.0;2
336200;;;STARFRUIT;SEASHELLS;4857.0;1
336300;;;STARFRUIT;SEASHELLS;4860.0;1
336500;;;BERRIES;SEASHELLS;3909.0;5
336700;;;AMETHYSTS;SEASHELLS;10002.0;1
336900;;;AMETHYSTS;SEASHELLS;9998.0;2
336900;;;STARFRUIT;SEASHELLS;4857.0;2
336900;;;AMETHYSTS;SEASHELLS;9998.0;1
337000;;;DIVING_GEAR;SEASHELLS;99197.0;2
337100;;;PINA_COLADAS;SEASHELLS;14895.0;2
337100;;;STARFRUIT;SEASHELLS;4856.0;1
337200;;;AMETHYSTS;SEASHELLS;9998.0;1
337200;;;STARFRUIT;SEASHELLS;4862.0;6
337400;;;DIVING_GEAR;SEASHELLS;99187.0;2
337400;;;AMETHYSTS;SEASHELLS;10002.0;1
337500;;;AMETHYSTS;SEASHELLS;9996.0;1
337500;;;STARFRUIT;SEASHELLS;4855.0;1
337700;;;STARFRUIT;SEASHELLS;4856.0;4
337800;;;STARFRUIT;SEASHELLS;4854.0;2
337800;;;AMETHYSTS;SEASHELLS;9996.0;2
338100;;;STARFRUIT;SEASHELLS;4859.0;1
338200;;;STARFRUIT;SEASHELLS;4854.0;1
338500;;;STARFRUIT;SEASHELLS;4860.0;2
338600;;;STARFRUIT;SEASHELLS;4853.0;1
338800;;;BERRIES;SEASHELLS;3905.0;12
338800;;;DIVING_GEAR;SEASHELLS;99186.0;1
338900;;;DIVING_GEAR;SEASHELLS;99182.0;3
338900;;;STARFRUIT;SEASHELLS;4854.0;1
338900;;;AMETHYSTS;SEASHELLS;10002.0;1
339200;;;STARFRUIT;SEASHELLS;4853.0;2
339200;;;AMETHYSTS;SEASHELLS;9995.0;2
340000;;;AMETHYSTS;SEASHELLS;10004.0;2
340200;;;AMETHYSTS;SEASHELLS;10002.0;1
340300;;;AMETHYSTS;SEASHELLS;9998.0;1
340400;;;STARFRUIT;SEASHELLS;4857.0;5
340400;;;AMETHYSTS;SEASHELLS;10002.0;1
340500;;;STARFRUIT;SEASHELLS;4853.0;1
340900;;;PINA_COLADAS;SEASHELLS;14878.0;38
341000;;;STARFRUIT;SEASHELLS;4853.0;1
341200;;;DIVING_GEAR;SEASHELLS;99163.0;1
341500;;;AMETHYSTS;SEASHELLS;10004.0;1
341500;;;AMETHYSTS;SEASHELLS;10004.0;4
341700;;;STARFRUIT;SEASHELLS;4857.0;1
341800;;;BERRIES;SEASHELLS;3913.0;11
341900;;;BERRIES;SEASHELLS;3913.0;12
342500;;;STARFRUIT;SEASHELLS;4853.0;4
342500;;;STARFRUIT;SEASHELLS;4853.0;4
342700;;;AMETHYSTS;SEASHELLS;10002.0;1
342700;;;STARFRUIT;SEASHELLS;4857.0;1
342900;;;STARFRUIT;SEASHELLS;4854.0;7
342900;;;AMETHYSTS;SEASHELLS;9998.0;3
343200;;;STARFRUIT;SEASHELLS;4852.0;1
343200;;;AMETHYSTS;SEASHELLS;9995.0;1
343200;;;STARFRUIT;SEASHELLS;4859.0;9
343400;;;STARFRUIT;SEASHELLS;4857.0;1
343600;;;BERRIES;SEASHELLS;3907.0;10
343600;;;DIVING_GEAR;SEASHELLS;99143.0;1
343900;;;STARFRUIT;SEASHELLS;4856.0;1
344000;;;AMETHYSTS;SEASHELLS;9998.0;1
344400;;;STARFRUIT;SEASHELLS;4851.0;1
344500;;;AMETHYSTS;SEASHELLS;9998.0;1
345000;;;COCONUTS;SEASHELLS;7931.0;43
345600;;;AMETHYSTS;SEASHELLS;10004.0;1
345600;;;STARFRUIT;SEASHELLS;4859.0;2
345600;;;DIVING_GEAR;SEASHELLS;99108.0;2
345700;;;AMETHYSTS;SEASHELLS;10004.0;1
345700;;;STARFRUIT;SEASHELLS;4858.0;1
345900;;;BERRIES;SEASHELLS;3913.0;10
345900;;;BERRIES;SEASHELLS;3906.0;8
346100;;;STARFRUIT;SEASHELLS;4852.0;10
346700;;;COCONUTS;SEASHELLS;7929.0;9
346900;;;AMETHYSTS;SEASHELLS;10002.0;1
346900;;;DIVING_GEAR;SEASHELLS;99116.0;1
347100;;;STARFRUIT;SEASHELLS;4856.0;1
347300;;;DIVING_GEAR;SEASHELLS;99134.0;2
347400;;;AMETHYSTS;SEASHELLS;9998.0;1
347400;;;STARFRUIT;SEASHELLS;4852.0;1
347400;;;STARFRUIT;SEASHELLS;4852.0;1
347400;;;STARFRUIT;SEASHELLS;4852.0;7
347500;;;AMETHYSTS;SEASHELLS;10004.0;1
347500;;;STARFRUIT;SEASHELLS;4858.0;1
347500;;;PINA_COLADAS;SEASHELLS;14872.0;3
347600;;;STARFRUIT;SEASHELLS;4857.0;4
347600;;;COCONUTS;SEASHELLS;7923.0;23
347700;;;AMETHYSTS;SEASHELLS;10002.0;1
347800;;;STARFRUIT;SEASHELLS;4856.0;2
348000;;;AMETHYSTS;SEASHELLS;10002.0;2
348000;;;AMETHYSTS;SEASHELLS;10002.0;1
348100;;;BERRIES;SEASHELLS;3913.0;14
348300;;;AMETHYSTS;SEASHELLS;10002.0;1
348500;;;DIVING_GEAR;SEASHELLS;99147.0;3
348700;;;BERRIES;SEASHELLS;3912.0;1
348700;;;STARFRUIT;SEASHELLS;4857.0;1
348800;;;DIVING_GEAR;SEASHELLS;99149.0;3
349300;;;AMETHYSTS;SEASHELLS;9996.0;2
349600;;;STARFRUIT;SEASHELLS;4852.0;1
349700;;;STARFRUIT;SEASHELLS;4852.0;1
350000;;;DIVING_GEAR;SEASHELLS;99180.0;1
350100;;;AMETHYSTS;SEASHELLS;10002.0;2
350100;;;AMETHYSTS;SEASHELLS;10004.0;2
350100;;;STARFRUIT;SEASHELLS;4859.0;2
350200;;;STARFRUIT;SEASHELLS;4857.0;1
350200;;;AMETHYSTS;SEASHELLS;9998.0;1
350300;;;AMETHYSTS;SEASHELLS;9998.0;1
350400;;;BERRIES;SEASHELLS;3913.0;10
350500;;;BERRIES;SEASHELLS;3906.0;10
350700;;;STARFRUIT;SEASHELLS;4851.0;1
350700;;;COCONUTS;SEASHELLS;7924.0;10
350900;;;STARFRUIT;SEASHELLS;4853.0;2
351100;;;STARFRUIT;SEASHELLS;4853.0;1
351200;;;DIVING_GEAR;SEASHELLS;99158.0;2
351300;;;DIVING_GEAR;SEASHELLS;99152.0;1
351700;;;AMETHYSTS;SEASHELLS;10002.0;1
352000;;;STARFRUIT;SEASHELLS;4853.0;2
352400;;;STARFRUIT;SEASHELLS;4856.0;1
352400;;;AMETHYSTS;SEASHELLS;9995.0;5
352600;;;AMETHYSTS;SEASHELLS;10004.0;4
352600;;;AMETHYSTS;SEASHELLS;10004.0;2
352700;;;STARFRUIT;SEASHELLS;4857.0;1
353200;;;STARFRUIT;SEASHELLS;4859.0;1
353200;;;AMETHYSTS;SEASHELLS;10004.0;1
353300;;;AMETHYSTS;SEASHELLS;9998.0;1
353600;;;STARFRUIT;SEASHELLS;4858.0;1
353600;;;BERRIES;SEASHELLS;3907.0;20
353700;;;STARFRUIT;SEASHELLS;4859.0;1
353700;;;PINA_COLADAS;SEASHELLS;14857.0;4
353700;;;AMETHYSTS;SEASHELLS;10002.0;1
353700;;;AMETHYSTS;SEASHELLS;10004.0;1
