timestamp;buyer;seller;symbol;currency;price;quantity
0;;;AMETHYSTS;SEASHELLS;10004.0;1
0;;;STARFRUIT;SEASHELLS;4952.0;1
1100;;;AMETHYSTS;SEASHELLS;9996.0;2
1300;;;STARFRUIT;SEASHELLS;4949.0;3
1700;;;AMETHYSTS;SEASHELLS;10002.0;1
1800;;;AMETHYSTS;SEASHELLS;10002.0;1
1900;;;STARFRUIT;SEASHELLS;4950.0;1
2000;;;AMETHYSTS;SEASHELLS;9998.0;1
2400;;;STARFRUIT;SEASHELLS;4947.0;1
2500;;;STARFRUIT;SEASHELLS;4949.0;2
2900;;;AMETHYSTS;SEASHELLS;9996.0;1
2900;;;AMETHYSTS;SEASHELLS;9996.0;11
3000;;;STARFRUIT;SEASHELLS;4953.0;1
3000;;;AMETHYSTS;SEASHELLS;10005.0;1
3100;;;AMETHYSTS;SEASHELLS;9996.0;2
3100;;;STARFRUIT;SEASHELLS;4947.0;2
3200;;;AMETHYSTS;SEASHELLS;9996.0;1
3200;;;STARFRUIT;SEASHELLS;4947.0;1
3200;;;STARFRUIT;SEASHELLS;4947.0;1
3200;;;AMETHYSTS;SEASHELLS;9996.0;1
3700;;;AMETHYSTS;SEASHELLS;10002.0;1
3800;;;STARFRUIT;SEASHELLS;4952.0;9
3800;;;STARFRUIT;SEASHELLS;4952.0;1
3800;;;AMETHYSTS;SEASHELLS;9996.0;1
3800;;;STARFRUIT;SEASHELLS;4952.0;10
4200;;;AMETHYSTS;SEASHELLS;9996.0;2
4300;;;STARFRUIT;SEASHELLS;4951.0;1
4300;;;AMETHYSTS;SEASHELLS;9995.0;2
4500;;;STARFRUIT;SEASHELLS;4946.0;1
4800;;;STARFRUIT;SEASHELLS;4952.0;2
4800;;;AMETHYSTS;SEASHELLS;10004.0;2
4900;;;STARFRUIT;SEASHELLS;4950.0;7
4900;;;STARFRUIT;SEASHELLS;4950.0;9
5100;;;STARFRUIT;SEASHELLS;4951.0;4
5300;;;STARFRUIT;SEASHELLS;4952.0;1
5700;;;STARFRUIT;SEASHELLS;4948.0;1
6100;;;STARFRUIT;SEASHELLS;4948.0;1
6500;;;AMETHYSTS;SEASHELLS;9998.0;1
6600;;;AMETHYSTS;SEASHELLS;10004.0;2
6700;;;AMETHYSTS;SEASHELLS;10002.0;3
6900;;;STARFRUIT;SEASHELLS;4952.0;1
6900;;;AMETHYSTS;SEASHELLS;10002.0;1
7000;;;STARFRUIT;SEASHELLS;4954.0;2
7000;;;AMETHYSTS;SEASHELLS;10005.0;2
7200;;;STARFRUIT;SEASHELLS;4948.0;5
7300;;;AMETHYSTS;SEASHELLS;10004.0;2
7300;;;STARFRUIT;SEASHELLS;4954.0;2
7400;;;STARFRUIT;SEASHELLS;4947.0;1
7700;;;STARFRUIT;SEASHELLS;4946.0;1
8100;;;AMETHYSTS;SEASHELLS;9996.0;1
8100;;;AMETHYSTS;SEASHELLS;9996.0;1
8100;;;STARFRUIT;SEASHELLS;4952.0;1
8600;;;STARFRUIT;SEASHELLS;4944.0;1
8800;;;STARFRUIT;SEASHELLS;4948.0;1
8800;;;AMETHYSTS;SEASHELLS;9998.0;1
9200;;;STARFRUIT;SEASHELLS;4951.0;1
10300;;;AMETHYSTS;SEASHELLS;9998.0;1
10300;;;STARFRUIT;SEASHELLS;4951.0;1
10300;;;STARFRUIT;SEASHELLS;4948.0;1
10400;;;AMETHYSTS;SEASHELLS;10002.0;1
10800;;;AMETHYSTS;SEASHELLS;10004.0;10
10800;;;AMETHYSTS;SEASHELLS;10004.0;2
11100;;;AMETHYSTS;SEASHELLS;9998.0;4
11100;;;AMETHYSTS;SEASHELLS;9998.0;3
11400;;;AMETHYSTS;SEASHELLS;9996.0;1
11400;;;STARFRUIT;SEASHELLS;4945.0;2
11500;;;AMETHYSTS;SEASHELLS;10002.0;2
11800;;;STARFRUIT;SEASHELLS;4950.0;1
12000;;;AMETHYSTS;SEASHELLS;10002.0;1
12500;;;STARFRUIT;SEASHELLS;4943.0;1
13000;;;AMETHYSTS;SEASHELLS;10002.0;1
13000;;;STARFRUIT;SEASHELLS;4949.0;1
13200;;;AMETHYSTS;SEASHELLS;9998.0;2
13300;;;STARFRUIT;SEASHELLS;4951.0;2
13300;;;AMETHYSTS;SEASHELLS;10005.0;2
13600;;;STARFRUIT;SEASHELLS;4944.0;1
14200;;;STARFRUIT;SEASHELLS;4942.0;1
14300;;;STARFRUIT;SEASHELLS;4949.0;2
15200;;;STARFRUIT;SEASHELLS;4943.0;1
15300;;;AMETHYSTS;SEASHELLS;10002.0;1
15400;;;AMETHYSTS;SEASHELLS;9998.0;1
15600;;;AMETHYSTS;SEASHELLS;10004.0;2
15600;;;STARFRUIT;SEASHELLS;4950.0;2
15700;;;AMETHYSTS;SEASHELLS;10002.0;1
15800;;;STARFRUIT;SEASHELLS;4949.0;1
16200;;;STARFRUIT;SEASHELLS;4950.0;1
16200;;;AMETHYSTS;SEASHELLS;9998.0;1
16300;;;AMETHYSTS;SEASHELLS;10004.0;1
16400;;;AMETHYSTS;SEASHELLS;10002.0;1
16600;;;STARFRUIT;SEASHELLS;4946.0;3
16600;;;STARFRUIT;SEASHELLS;4946.0;1
16600;;;STARFRUIT;SEASHELLS;4945.0;1
16700;;;AMETHYSTS;SEASHELLS;10002.0;1
16700;;;STARFRUIT;SEASHELLS;4946.0;1
16700;;;STARFRUIT;SEASHELLS;4946.0;4
16800;;;AMETHYSTS;SEASHELLS;9995.0;5
17300;;;STARFRUIT;SEASHELLS;4950.0;2
17300;;;STARFRUIT;SEASHELLS;4950.0;1
18200;;;STARFRUIT;SEASHELLS;4945.0;1
19300;;;AMETHYSTS;SEASHELLS;9996.0;1
19300;;;STARFRUIT;SEASHELLS;4945.0;1
19700;;;AMETHYSTS;SEASHELLS;10002.0;1
19700;;;STARFRUIT;SEASHELLS;4946.0;1
19900;;;STARFRUIT;SEASHELLS;4950.0;5
20100;;;AMETHYSTS;SEASHELLS;10002.0;1
20100;;;AMETHYSTS;SEASHELLS;10002.0;4
20200;;;AMETHYSTS;SEASHELLS;9998.0;1
20300;;;STARFRUIT;SEASHELLS;4946.0;1
20500;;;AMETHYSTS;SEASHELLS;9998.0;1
20700;;;AMETHYSTS;SEASHELLS;10002.0;1
21200;;;AMETHYSTS;SEASHELLS;9998.0;1
21300;;;AMETHYSTS;SEASHELLS;9996.0;1
21300;;;AMETHYSTS;SEASHELLS;9996.0;7
22100;;;STARFRUIT;SEASHELLS;4948.0;1
22200;;;AMETHYSTS;SEASHELLS;9998.0;6
22300;;;STARFRUIT;SEASHELLS;4948.0;19
22400;;;STARFRUIT;SEASHELLS;4955.0;12
22400;;;AMETHYSTS;SEASHELLS;9998.0;1
22700;;;STARFRUIT;SEASHELLS;4949.0;1
22800;;;AMETHYSTS;SEASHELLS;9998.0;2
22800;;;STARFRUIT;SEASHELLS;4948.0;1
23200;;;AMETHYSTS;SEASHELLS;9998.0;2
23200;;;STARFRUIT;SEASHELLS;4953.0;2
23300;;;AMETHYSTS;SEASHELLS;9998.0;1
23500;;;STARFRUIT;SEASHELLS;4948.0;1
23700;;;AMETHYSTS;SEASHELLS;10002.0;1
23800;;;STARFRUIT;SEASHELLS;4953.0;1
23900;;;STARFRUIT;SEASHELLS;4953.0;1
24100;;;AMETHYSTS;SEASHELLS;9996.0;1
24100;;;AMETHYSTS;SEASHELLS;9996.0;7
24100;;;STARFRUIT;SEASHELLS;4952.0;1
24300;;;STARFRUIT;SEASHELLS;4949.0;2
24300;;;STARFRUIT;SEASHELLS;4949.0;1
24500;;;AMETHYSTS;SEASHELLS;10002.0;1
24500;;;STARFRUIT;SEASHELLS;4948.0;1
24600;;;AMETHYSTS;SEASHELLS;9998.0;2
25100;;;AMETHYSTS;SEASHELLS;10002.0;1
25200;;;AMETHYSTS;SEASHELLS;10002.0;1
25200;;;AMETHYSTS;SEASHELLS;9998.0;3
25200;;;AMETHYSTS;SEASHELLS;9998.0;5
25200;;;STARFRUIT;SEASHELLS;4949.0;1
25300;;;STARFRUIT;SEASHELLS;4944.0;1
25700;;;AMETHYSTS;SEASHELLS;10004.0;2
26300;;;AMETHYSTS;SEASHELLS;9998.0;1
26400;;;STARFRUIT;SEASHELLS;4945.0;1
26600;;;AMETHYSTS;SEASHELLS;9998.0;1
26900;;;STARFRUIT;SEASHELLS;4945.0;1
27300;;;STARFRUIT;SEASHELLS;4951.0;1
27600;;;STARFRUIT;SEASHELLS;4946.0;1
27600;;;AMETHYSTS;SEASHELLS;9998.0;4
27900;;;STARFRUIT;SEASHELLS;4952.0;1
28000;;;STARFRUIT;SEASHELLS;4947.0;2
28200;;;AMETHYSTS;SEASHELLS;9998.0;2
28400;;;STARFRUIT;SEASHELLS;4947.0;1
29000;;;STARFRUIT;SEASHELLS;4950.0;1
29000;;;AMETHYSTS;SEASHELLS;10005.0;8
29400;;;AMETHYSTS;SEASHELLS;10002.0;1
29400;;;STARFRUIT;SEASHELLS;4950.0;1
29700;;;STARFRUIT;SEASHELLS;4950.0;1
30000;;;AMETHYSTS;SEASHELLS;9998.0;1
30000;;;AMETHYSTS;SEASHELLS;9998.0;3
30300;;;STARFRUIT;SEASHELLS;4954.0;1
30600;;;AMETHYSTS;SEASHELLS;10002.0;1
30600;;;STARFRUIT;SEASHELLS;4949.0;1
30600;;;STARFRUIT;SEASHELLS;4953.0;3
30600;;;STARFRUIT;SEASHELLS;4953.0;1
30700;;;STARFRUIT;SEASHELLS;4949.0;1
31600;;;STARFRUIT;SEASHELLS;4956.0;1
31900;;;AMETHYSTS;SEASHELLS;10005.0;2
32400;;;STARFRUIT;SEASHELLS;4951.0;1
32500;;;STARFRUIT;SEASHELLS;4950.0;1
32600;;;STARFRUIT;SEASHELLS;4957.0;2
32600;;;AMETHYSTS;SEASHELLS;10005.0;2
32600;;;AMETHYSTS;SEASHELLS;10002.0;1
32800;;;STARFRUIT;SEASHELLS;4956.0;7
32800;;;AMETHYSTS;SEASHELLS;9996.0;2
33000;;;STARFRUIT;SEASHELLS;4955.0;1
33000;;;AMETHYSTS;SEASHELLS;10002.0;6
33200;;;STARFRUIT;SEASHELLS;4949.0;1
33400;;;STARFRUIT;SEASHELLS;4954.0;1
33500;;;AMETHYSTS;SEASHELLS;10004.0;1
33500;;;STARFRUIT;SEASHELLS;4956.0;1
33600;;;AMETHYSTS;SEASHELLS;10002.0;6
33800;;;STARFRUIT;SEASHELLS;4949.0;7
34000;;;STARFRUIT;SEASHELLS;4949.0;1
34100;;;AMETHYSTS;SEASHELLS;9996.0;1
34100;;;AMETHYSTS;SEASHELLS;9996.0;2
34300;;;AMETHYSTS;SEASHELLS;10002.0;1
34600;;;STARFRUIT;SEASHELLS;4953.0;1
34600;;;STARFRUIT;SEASHELLS;4953.0;1
35000;;;STARFRUIT;SEASHELLS;4954.0;1
35000;;;AMETHYSTS;SEASHELLS;10002.0;1
35100;;;AMETHYSTS;SEASHELLS;10002.0;3
35400;;;STARFRUIT;SEASHELLS;4956.0;1
35400;;;AMETHYSTS;SEASHELLS;10002.0;3
36000;;;STARFRUIT;SEASHELLS;4955.0;3
36100;;;AMETHYSTS;SEASHELLS;10002.0;1
36200;;;AMETHYSTS;SEASHELLS;9998.0;1
36200;;;STARFRUIT;SEASHELLS;4957.0;11
36400;;;STARFRUIT;SEASHELLS;4955.0;1
37300;;;STARFRUIT;SEASHELLS;4950.0;1
37500;;;AMETHYSTS;SEASHELLS;9996.0;1
37500;;;STARFRUIT;SEASHELLS;4950.0;1
37800;;;STARFRUIT;SEASHELLS;4950.0;1
37900;;;STARFRUIT;SEASHELLS;4952.0;2
38500;;;AMETHYSTS;SEASHELLS;10002.0;1
38600;;;STARFRUIT;SEASHELLS;4949.0;1
38600;;;AMETHYSTS;SEASHELLS;9996.0;1
38800;;;AMETHYSTS;SEASHELLS;9996.0;1
39200;;;STARFRUIT;SEASHELLS;4955.0;1
39200;;;AMETHYSTS;SEASHELLS;9998.0;1
39400;;;AMETHYSTS;SEASHELLS;10004.0;1
39400;;;STARFRUIT;SEASHELLS;4956.0;1
39500;;;AMETHYSTS;SEASHELLS;9998.0;1
40500;;;STARFRUIT;SEASHELLS;4948.0;1
40600;;;STARFRUIT;SEASHELLS;4954.0;13
40900;;;STARFRUIT;SEASHELLS;4955.0;5
40900;;;AMETHYSTS;SEASHELLS;10004.0;2
40900;;;AMETHYSTS;SEASHELLS;10004.0;1
40900;;;AMETHYSTS;SEASHELLS;10004.0;8
40900;;;STARFRUIT;SEASHELLS;4949.0;1
41000;;;STARFRUIT;SEASHELLS;4948.0;1
41100;;;STARFRUIT;SEASHELLS;4947.0;1
41700;;;STARFRUIT;SEASHELLS;4948.0;1
42400;;;STARFRUIT;SEASHELLS;4948.0;1
42500;;;AMETHYSTS;SEASHELLS;10002.0;3
42500;;;AMETHYSTS;SEASHELLS;10002.0;1
42500;;;STARFRUIT;SEASHELLS;4948.0;1
42600;;;STARFRUIT;SEASHELLS;4947.0;2
42600;;;AMETHYSTS;SEASHELLS;9995.0;2
42900;;;AMETHYSTS;SEASHELLS;10005.0;2
42900;;;STARFRUIT;SEASHELLS;4953.0;2
43500;;;STARFRUIT;SEASHELLS;4946.0;1
43900;;;AMETHYSTS;SEASHELLS;10002.0;4
44500;;;STARFRUIT;SEASHELLS;4951.0;1
44800;;;AMETHYSTS;SEASHELLS;9998.0;1
45000;;;AMETHYSTS;SEASHELLS;10002.0;1
45400;;;STARFRUIT;SEASHELLS;4946.0;1
45500;;;STARFRUIT;SEASHELLS;4946.0;1
45500;;;STARFRUIT;SEASHELLS;4946.0;3
45700;;;STARFRUIT;SEASHELLS;4952.0;8
45800;;;STARFRUIT;SEASHELLS;4946.0;1
45900;;;STARFRUIT;SEASHELLS;4952.0;2
45900;;;AMETHYSTS;SEASHELLS;10004.0;1
45900;;;AMETHYSTS;SEASHELLS;10004.0;1
46600;;;STARFRUIT;SEASHELLS;4945.0;2
46600;;;AMETHYSTS;SEASHELLS;9998.0;2
46900;;;STARFRUIT;SEASHELLS;4950.0;1
47100;;;AMETHYSTS;SEASHELLS;9998.0;1
47100;;;STARFRUIT;SEASHELLS;4951.0;5
47500;;;AMETHYSTS;SEASHELLS;10002.0;4
48100;;;AMETHYSTS;SEASHELLS;9995.0;2
48100;;;STARFRUIT;SEASHELLS;4942.0;2
48600;;;STARFRUIT;SEASHELLS;4943.0;4
48600;;;AMETHYSTS;SEASHELLS;9996.0;1
48600;;;STARFRUIT;SEASHELLS;4942.0;1
48700;;;STARFRUIT;SEASHELLS;4948.0;20
49000;;;STARFRUIT;SEASHELLS;4942.0;1
49300;;;STARFRUIT;SEASHELLS;4940.0;1
49600;;;STARFRUIT;SEASHELLS;4946.0;1
49700;;;STARFRUIT;SEASHELLS;4947.0;4
49700;;;STARFRUIT;SEASHELLS;4947.0;2
49900;;;AMETHYSTS;SEASHELLS;10005.0;2
49900;;;AMETHYSTS;SEASHELLS;9998.0;6
49900;;;STARFRUIT;SEASHELLS;4948.0;2
50400;;;AMETHYSTS;SEASHELLS;9998.0;1
50600;;;STARFRUIT;SEASHELLS;4942.0;1
50600;;;AMETHYSTS;SEASHELLS;10002.0;1
51100;;;STARFRUIT;SEASHELLS;4942.0;6
51300;;;STARFRUIT;SEASHELLS;4942.0;12
51600;;;AMETHYSTS;SEASHELLS;10002.0;1
51600;;;STARFRUIT;SEASHELLS;4945.0;5
51600;;;STARFRUIT;SEASHELLS;4946.0;1
51600;;;STARFRUIT;SEASHELLS;4946.0;1
51600;;;AMETHYSTS;SEASHELLS;10002.0;1
51700;;;AMETHYSTS;SEASHELLS;9995.0;11
51900;;;AMETHYSTS;SEASHELLS;9996.0;1
52100;;;AMETHYSTS;SEASHELLS;9995.0;8
52300;;;STARFRUIT;SEASHELLS;4946.0;1
52300;;;AMETHYSTS;SEASHELLS;10002.0;1
52600;;;STARFRUIT;SEASHELLS;4942.0;1
52600;;;STARFRUIT;SEASHELLS;4942.0;19
52700;;;STARFRUIT;SEASHELLS;4941.0;1
52900;;;AMETHYSTS;SEASHELLS;10005.0;6
53900;;;STARFRUIT;SEASHELLS;4950.0;2
53900;;;AMETHYSTS;SEASHELLS;10004.0;2
54100;;;STARFRUIT;SEASHELLS;4945.0;1
54100;;;AMETHYSTS;SEASHELLS;9998.0;1
54200;;;STARFRUIT;SEASHELLS;4944.0;8
54300;;;AMETHYSTS;SEASHELLS;10004.0;1
54300;;;AMETHYSTS;SEASHELLS;10004.0;2
54300;;;STARFRUIT;SEASHELLS;4949.0;1
54600;;;AMETHYSTS;SEASHELLS;10002.0;3
55000;;;STARFRUIT;SEASHELLS;4943.0;1
55100;;;STARFRUIT;SEASHELLS;4950.0;12
55100;;;STARFRUIT;SEASHELLS;4950.0;2
55100;;;AMETHYSTS;SEASHELLS;10005.0;2
55500;;;STARFRUIT;SEASHELLS;4948.0;1
55700;;;STARFRUIT;SEASHELLS;4943.0;1
55700;;;AMETHYSTS;SEASHELLS;9996.0;1
57200;;;AMETHYSTS;SEASHELLS;10002.0;2
57200;;;STARFRUIT;SEASHELLS;4948.0;1
57800;;;AMETHYSTS;SEASHELLS;9998.0;1
57900;;;STARFRUIT;SEASHELLS;4950.0;2
57900;;;AMETHYSTS;SEASHELLS;9998.0;1
58000;;;AMETHYSTS;SEASHELLS;9998.0;4
58100;;;AMETHYSTS;SEASHELLS;10005.0;3
58600;;;AMETHYSTS;SEASHELLS;10002.0;1
58800;;;AMETHYSTS;SEASHELLS;9995.0;12
59100;;;AMETHYSTS;SEASHELLS;10005.0;1
59100;;;STARFRUIT;SEASHELLS;4951.0;1
59300;;;STARFRUIT;SEASHELLS;4944.0;1
59900;;;STARFRUIT;SEASHELLS;4945.0;19
60000;;;AMETHYSTS;SEASHELLS;9998.0;2
60000;;;AMETHYSTS;SEASHELLS;10005.0;1
60000;;;STARFRUIT;SEASHELLS;4952.0;1
60200;;;STARFRUIT;SEASHELLS;4950.0;1
60200;;;AMETHYSTS;SEASHELLS;9995.0;8
60200;;;STARFRUIT;SEASHELLS;4950.0;3
60700;;;STARFRUIT;SEASHELLS;4951.0;1
60700;;;STARFRUIT;SEASHELLS;4950.0;2
60800;;;STARFRUIT;SEASHELLS;4945.0;1
60900;;;STARFRUIT;SEASHELLS;4951.0;4
61400;;;STARFRUIT;SEASHELLS;4945.0;11
61700;;;STARFRUIT;SEASHELLS;4945.0;1
61900;;;STARFRUIT;SEASHELLS;4951.0;2
61900;;;AMETHYSTS;SEASHELLS;9998.0;1
62000;;;STARFRUIT;SEASHELLS;4949.0;1
62100;;;STARFRUIT;SEASHELLS;4944.0;2
62200;;;AMETHYSTS;SEASHELLS;10002.0;4
62300;;;AMETHYSTS;SEASHELLS;10005.0;2
62900;;;AMETHYSTS;SEASHELLS;9998.0;4
63000;;;STARFRUIT;SEASHELLS;4948.0;1
63100;;;STARFRUIT;SEASHELLS;4943.0;1
63500;;;STARFRUIT;SEASHELLS;4950.0;8
63600;;;STARFRUIT;SEASHELLS;4948.0;1
63800;;;STARFRUIT;SEASHELLS;4949.0;16
63800;;;STARFRUIT;SEASHELLS;4943.0;1
63900;;;AMETHYSTS;SEASHELLS;9995.0;12
64000;;;AMETHYSTS;SEASHELLS;9998.0;1
64000;;;STARFRUIT;SEASHELLS;4943.0;1
64200;;;AMETHYSTS;SEASHELLS;9996.0;2
64200;;;AMETHYSTS;SEASHELLS;9996.0;1
64400;;;AMETHYSTS;SEASHELLS;9998.0;4
64500;;;AMETHYSTS;SEASHELLS;9998.0;1
65000;;;AMETHYSTS;SEASHELLS;9998.0;1
65100;;;AMETHYSTS;SEASHELLS;9996.0;2
65100;;;AMETHYSTS;SEASHELLS;9996.0;1
65300;;;AMETHYSTS;SEASHELLS;10002.0;2
65400;;;STARFRUIT;SEASHELLS;4945.0;2
65900;;;STARFRUIT;SEASHELLS;4946.0;1
66000;;;AMETHYSTS;SEASHELLS;9998.0;1
66300;;;STARFRUIT;SEASHELLS;4946.0;1
66900;;;STARFRUIT;SEASHELLS;4944.0;1
66900;;;STARFRUIT;SEASHELLS;4943.0;11
67200;;;STARFRUIT;SEASHELLS;4937.0;1
67300;;;AMETHYSTS;SEASHELLS;9998.0;5
67500;;;STARFRUIT;SEASHELLS;4938.0;1
67900;;;STARFRUIT;SEASHELLS;4939.0;5
68100;;;AMETHYSTS;SEASHELLS;9998.0;2
68200;;;STARFRUIT;SEASHELLS;4943.0;1
68300;;;STARFRUIT;SEASHELLS;4943.0;1
68600;;;STARFRUIT;SEASHELLS;4938.0;1
68900;;;STARFRUIT;SEASHELLS;4943.0;1
69100;;;STARFRUIT;SEASHELLS;4939.0;1
69100;;;STARFRUIT;SEASHELLS;4939.0;1
69200;;;STARFRUIT;SEASHELLS;4943.0;1
69300;;;STARFRUIT;SEASHELLS;4944.0;1
69300;;;AMETHYSTS;SEASHELLS;9998.0;1
69600;;;STARFRUIT;SEASHELLS;4938.0;1
69700;;;AMETHYSTS;SEASHELLS;10002.0;1
69700;;;STARFRUIT;SEASHELLS;4938.0;1
69700;;;STARFRUIT;SEASHELLS;4938.0;1
70100;;;STARFRUIT;SEASHELLS;4937.0;1
70300;;;AMETHYSTS;SEASHELLS;9998.0;2
70600;;;STARFRUIT;SEASHELLS;4936.0;1
70600;;;AMETHYSTS;SEASHELLS;9996.0;1
70800;;;STARFRUIT;SEASHELLS;4935.0;1
71200;;;AMETHYSTS;SEASHELLS;10002.0;1
71200;;;STARFRUIT;SEASHELLS;4935.0;1
71500;;;AMETHYSTS;SEASHELLS;10002.0;3
71900;;;AMETHYSTS;SEASHELLS;10002.0;1
72400;;;AMETHYSTS;SEASHELLS;10002.0;1
72500;;;STARFRUIT;SEASHELLS;4942.0;1
72500;;;AMETHYSTS;SEASHELLS;10004.0;1
72900;;;STARFRUIT;SEASHELLS;4943.0;1
72900;;;AMETHYSTS;SEASHELLS;10004.0;1
73000;;;STARFRUIT;SEASHELLS;4937.0;1
73000;;;AMETHYSTS;SEASHELLS;10002.0;1
73100;;;AMETHYSTS;SEASHELLS;10002.0;1
74000;;;AMETHYSTS;SEASHELLS;10002.0;1
74300;;;STARFRUIT;SEASHELLS;4938.0;2
74300;;;STARFRUIT;SEASHELLS;4938.0;1
74900;;;STARFRUIT;SEASHELLS;4938.0;10
74900;;;AMETHYSTS;SEASHELLS;10002.0;1
75000;;;AMETHYSTS;SEASHELLS;9995.0;9
75000;;;AMETHYSTS;SEASHELLS;9998.0;1
75000;;;STARFRUIT;SEASHELLS;4942.0;1
75500;;;AMETHYSTS;SEASHELLS;9996.0;2
75500;;;STARFRUIT;SEASHELLS;4937.0;2
75600;;;AMETHYSTS;SEASHELLS;10002.0;1
76100;;;AMETHYSTS;SEASHELLS;9998.0;1
76400;;;STARFRUIT;SEASHELLS;4942.0;8
77000;;;AMETHYSTS;SEASHELLS;10002.0;2
77000;;;STARFRUIT;SEASHELLS;4940.0;2
77900;;;AMETHYSTS;SEASHELLS;10002.0;3
78100;;;AMETHYSTS;SEASHELLS;10002.0;1
78100;;;STARFRUIT;SEASHELLS;4936.0;1
78300;;;STARFRUIT;SEASHELLS;4936.0;3
78500;;;AMETHYSTS;SEASHELLS;10004.0;10
78500;;;AMETHYSTS;SEASHELLS;10004.0;1
78800;;;AMETHYSTS;SEASHELLS;10002.0;1
78900;;;STARFRUIT;SEASHELLS;4940.0;1
78900;;;AMETHYSTS;SEASHELLS;10002.0;1
79200;;;AMETHYSTS;SEASHELLS;9998.0;3
79400;;;STARFRUIT;SEASHELLS;4935.0;1
79900;;;STARFRUIT;SEASHELLS;4935.0;1
79900;;;AMETHYSTS;SEASHELLS;9998.0;3
80400;;;STARFRUIT;SEASHELLS;4934.0;1
80800;;;STARFRUIT;SEASHELLS;4934.0;1
80800;;;STARFRUIT;SEASHELLS;4939.0;1
80900;;;STARFRUIT;SEASHELLS;4938.0;1
80900;;;STARFRUIT;SEASHELLS;4938.0;1
81100;;;STARFRUIT;SEASHELLS;4940.0;1
81400;;;AMETHYSTS;SEASHELLS;10004.0;1
81800;;;AMETHYSTS;SEASHELLS;10002.0;1
81900;;;AMETHYSTS;SEASHELLS;9998.0;1
82500;;;STARFRUIT;SEASHELLS;4936.0;9
82600;;;STARFRUIT;SEASHELLS;4941.0;1
82800;;;STARFRUIT;SEASHELLS;4940.0;1
82800;;;AMETHYSTS;SEASHELLS;10002.0;1
83100;;;STARFRUIT;SEASHELLS;4939.0;1
83100;;;AMETHYSTS;SEASHELLS;9998.0;1
83700;;;STARFRUIT;SEASHELLS;4934.0;1
84100;;;AMETHYSTS;SEASHELLS;9996.0;1
84100;;;AMETHYSTS;SEASHELLS;9996.0;8
84200;;;AMETHYSTS;SEASHELLS;9996.0;2
84200;;;AMETHYSTS;SEASHELLS;9996.0;1
84200;;;STARFRUIT;SEASHELLS;4934.0;1
84300;;;AMETHYSTS;SEASHELLS;10004.0;2
84500;;;STARFRUIT;SEASHELLS;4935.0;1
84900;;;STARFRUIT;SEASHELLS;4941.0;3
85100;;;STARFRUIT;SEASHELLS;4934.0;16
85800;;;STARFRUIT;SEASHELLS;4933.0;1
85900;;;AMETHYSTS;SEASHELLS;9998.0;1
86100;;;AMETHYSTS;SEASHELLS;10002.0;1
86200;;;STARFRUIT;SEASHELLS;4933.0;1
86200;;;STARFRUIT;SEASHELLS;4933.0;11
86600;;;STARFRUIT;SEASHELLS;4932.0;7
86700;;;STARFRUIT;SEASHELLS;4932.0;1
86700;;;AMETHYSTS;SEASHELLS;9998.0;1
87200;;;AMETHYSTS;SEASHELLS;9996.0;1
87400;;;STARFRUIT;SEASHELLS;4933.0;1
87700;;;STARFRUIT;SEASHELLS;4932.0;1
87700;;;STARFRUIT;SEASHELLS;4937.0;11
87900;;;AMETHYSTS;SEASHELLS;10005.0;1
87900;;;STARFRUIT;SEASHELLS;4939.0;1
88000;;;AMETHYSTS;SEASHELLS;9996.0;2
88000;;;STARFRUIT;SEASHELLS;4932.0;2
88300;;;STARFRUIT;SEASHELLS;4933.0;1
88500;;;STARFRUIT;SEASHELLS;4938.0;1
88500;;;STARFRUIT;SEASHELLS;4933.0;12
88900;;;STARFRUIT;SEASHELLS;4933.0;1
89100;;;AMETHYSTS;SEASHELLS;9998.0;1
89100;;;STARFRUIT;SEASHELLS;4934.0;1
89200;;;AMETHYSTS;SEASHELLS;10002.0;1
89600;;;STARFRUIT;SEASHELLS;4934.0;1
89600;;;AMETHYSTS;SEASHELLS;9996.0;1
89800;;;STARFRUIT;SEASHELLS;4934.0;1
89900;;;AMETHYSTS;SEASHELLS;9995.0;2
89900;;;STARFRUIT;SEASHELLS;4934.0;2
90000;;;AMETHYSTS;SEASHELLS;9998.0;1
90000;;;AMETHYSTS;SEASHELLS;9998.0;1
90100;;;AMETHYSTS;SEASHELLS;10002.0;3
90300;;;AMETHYSTS;SEASHELLS;9998.0;1
90400;;;STARFRUIT;SEASHELLS;4935.0;6
90900;;;STARFRUIT;SEASHELLS;4939.0;1
91000;;;STARFRUIT;SEASHELLS;4939.0;1
91100;;;STARFRUIT;SEASHELLS;4938.0;1
91100;;;AMETHYSTS;SEASHELLS;9996.0;1
91200;;;AMETHYSTS;SEASHELLS;9995.0;1
91200;;;STARFRUIT;SEASHELLS;4932.0;1
91700;;;STARFRUIT;SEASHELLS;4938.0;1
91700;;;STARFRUIT;SEASHELLS;4939.0;12
91700;;;AMETHYSTS;SEASHELLS;9998.0;1
91800;;;STARFRUIT;SEASHELLS;4938.0;1
92100;;;STARFRUIT;SEASHELLS;4934.0;2
92100;;;AMETHYSTS;SEASHELLS;9998.0;1
92200;;;AMETHYSTS;SEASHELLS;9996.0;1
92200;;;AMETHYSTS;SEASHELLS;9996.0;1
92200;;;STARFRUIT;SEASHELLS;4933.0;2
92700;;;AMETHYSTS;SEASHELLS;10002.0;2
92700;;;AMETHYSTS;SEASHELLS;10002.0;1
92700;;;STARFRUIT;SEASHELLS;4933.0;1
92900;;;AMETHYSTS;SEASHELLS;9998.0;1
92900;;;STARFRUIT;SEASHELLS;4933.0;1
93300;;;STARFRUIT;SEASHELLS;4937.0;1
93400;;;AMETHYSTS;SEASHELLS;9998.0;3
93600;;;AMETHYSTS;SEASHELLS;10004.0;1
93600;;;STARFRUIT;SEASHELLS;4939.0;1
93800;;;AMETHYSTS;SEASHELLS;9998.0;1
93800;;;STARFRUIT;SEASHELLS;4937.0;8
93800;;;STARFRUIT;SEASHELLS;4937.0;5
94200;;;AMETHYSTS;SEASHELLS;10002.0;1
94300;;;AMETHYSTS;SEASHELLS;10002.0;1
94400;;;AMETHYSTS;SEASHELLS;10005.0;1
94400;;;STARFRUIT;SEASHELLS;4939.0;1
94600;;;AMETHYSTS;SEASHELLS;9998.0;1
95000;;;AMETHYSTS;SEASHELLS;10004.0;1
95000;;;AMETHYSTS;SEASHELLS;10005.0;1
95000;;;STARFRUIT;SEASHELLS;4937.0;1
95100;;;STARFRUIT;SEASHELLS;4933.0;4
95600;;;STARFRUIT;SEASHELLS;4931.0;1
95700;;;AMETHYSTS;SEASHELLS;10002.0;1
95800;;;AMETHYSTS;SEASHELLS;10005.0;7
96000;;;AMETHYSTS;SEASHELLS;9996.0;1
96000;;;STARFRUIT;SEASHELLS;4930.0;2
96200;;;AMETHYSTS;SEASHELLS;9998.0;5
96200;;;STARFRUIT;SEASHELLS;4931.0;1
96300;;;STARFRUIT;SEASHELLS;4932.0;1
96400;;;STARFRUIT;SEASHELLS;4938.0;6
96800;;;AMETHYSTS;SEASHELLS;10002.0;3
97000;;;STARFRUIT;SEASHELLS;4938.0;3
97100;;;AMETHYSTS;SEASHELLS;9995.0;1
97100;;;STARFRUIT;SEASHELLS;4932.0;1
97300;;;STARFRUIT;SEASHELLS;4932.0;1
97600;;;AMETHYSTS;SEASHELLS;10002.0;7
97900;;;STARFRUIT;SEASHELLS;4932.0;1
98800;;;AMETHYSTS;SEASHELLS;10002.0;1
98800;;;STARFRUIT;SEASHELLS;4937.0;1
99000;;;STARFRUIT;SEASHELLS;4931.0;1
99400;;;STARFRUIT;SEASHELLS;4939.0;2
99400;;;AMETHYSTS;SEASHELLS;10005.0;2
100000;;;AMETHYSTS;SEASHELLS;10004.0;1
100000;;;STARFRUIT;SEASHELLS;4938.0;1
100200;;;AMETHYSTS;SEASHELLS;9998.0;1
100500;;;AMETHYSTS;SEASHELLS;9995.0;8
100600;;;STARFRUIT;SEASHELLS;4937.0;1
100700;;;AMETHYSTS;SEASHELLS;10002.0;1
101200;;;STARFRUIT;SEASHELLS;4931.0;1
101200;;;AMETHYSTS;SEASHELLS;10005.0;2
101500;;;AMETHYSTS;SEASHELLS;9998.0;3
101500;;;STARFRUIT;SEASHELLS;4937.0;2
101500;;;STARFRUIT;SEASHELLS;4931.0;1
101500;;;AMETHYSTS;SEASHELLS;10004.0;2
101600;;;STARFRUIT;SEASHELLS;4931.0;1
102200;;;AMETHYSTS;SEASHELLS;10005.0;2
102200;;;STARFRUIT;SEASHELLS;4939.0;2
102300;;;AMETHYSTS;SEASHELLS;9998.0;4
102600;;;AMETHYSTS;SEASHELLS;9998.0;1
102600;;;AMETHYSTS;SEASHELLS;9998.0;2
102700;;;AMETHYSTS;SEASHELLS;10005.0;6
103100;;;STARFRUIT;SEASHELLS;4938.0;1
103300;;;STARFRUIT;SEASHELLS;4936.0;1
103400;;;AMETHYSTS;SEASHELLS;10002.0;1
103400;;;STARFRUIT;SEASHELLS;4932.0;1
103700;;;STARFRUIT;SEASHELLS;4936.0;10
103900;;;STARFRUIT;SEASHELLS;4936.0;7
104000;;;STARFRUIT;SEASHELLS;4936.0;1
104200;;;STARFRUIT;SEASHELLS;4930.0;1
104300;;;STARFRUIT;SEASHELLS;4930.0;1
104500;;;STARFRUIT;SEASHELLS;4932.0;5
104700;;;AMETHYSTS;SEASHELLS;10002.0;1
104900;;;STARFRUIT;SEASHELLS;4935.0;1
104900;;;AMETHYSTS;SEASHELLS;10004.0;1
105000;;;STARFRUIT;SEASHELLS;4928.0;8
105200;;;STARFRUIT;SEASHELLS;4928.0;1
105300;;;STARFRUIT;SEASHELLS;4934.0;1
105400;;;AMETHYSTS;SEASHELLS;10002.0;1
105700;;;STARFRUIT;SEASHELLS;4934.0;1
106100;;;AMETHYSTS;SEASHELLS;9996.0;5
106100;;;AMETHYSTS;SEASHELLS;9996.0;2
106300;;;AMETHYSTS;SEASHELLS;9998.0;1
106300;;;STARFRUIT;SEASHELLS;4929.0;1
106500;;;AMETHYSTS;SEASHELLS;10005.0;10
106600;;;AMETHYSTS;SEASHELLS;9998.0;2
107400;;;STARFRUIT;SEASHELLS;4928.0;1
107400;;;AMETHYSTS;SEASHELLS;9995.0;1
107600;;;STARFRUIT;SEASHELLS;4933.0;1
108100;;;AMETHYSTS;SEASHELLS;9998.0;1
108400;;;STARFRUIT;SEASHELLS;4934.0;1
108500;;;STARFRUIT;SEASHELLS;4928.0;1
108600;;;AMETHYSTS;SEASHELLS;9998.0;1
108600;;;AMETHYSTS;SEASHELLS;9998.0;3
108800;;;STARFRUIT;SEASHELLS;4930.0;2
109100;;;STARFRUIT;SEASHELLS;4933.0;1
109200;;;STARFRUIT;SEASHELLS;4932.0;5
109300;;;STARFRUIT;SEASHELLS;4929.0;1
109700;;;STARFRUIT;SEASHELLS;4930.0;1
110000;;;AMETHYSTS;SEASHELLS;9996.0;1
110400;;;AMETHYSTS;SEASHELLS;10005.0;10
110800;;;STARFRUIT;SEASHELLS;4929.0;4
111000;;;AMETHYSTS;SEASHELLS;9998.0;1
111100;;;AMETHYSTS;SEASHELLS;9998.0;4
111100;;;STARFRUIT;SEASHELLS;4931.0;4
111700;;;STARFRUIT;SEASHELLS;4929.0;1
112100;;;AMETHYSTS;SEASHELLS;9998.0;5
112200;;;STARFRUIT;SEASHELLS;4935.0;1
112500;;;STARFRUIT;SEASHELLS;4931.0;4
113000;;;AMETHYSTS;SEASHELLS;10002.0;6
113700;;;STARFRUIT;SEASHELLS;4928.0;1
113800;;;AMETHYSTS;SEASHELLS;10002.0;1
113800;;;STARFRUIT;SEASHELLS;4928.0;2
113900;;;STARFRUIT;SEASHELLS;4932.0;12
114100;;;STARFRUIT;SEASHELLS;4932.0;1
114400;;;AMETHYSTS;SEASHELLS;10002.0;2
114700;;;STARFRUIT;SEASHELLS;4928.0;4
115000;;;STARFRUIT;SEASHELLS;4926.0;2
115100;;;STARFRUIT;SEASHELLS;4930.0;1
115300;;;AMETHYSTS;SEASHELLS;9998.0;1
115400;;;STARFRUIT;SEASHELLS;4926.0;1
115700;;;STARFRUIT;SEASHELLS;4930.0;1
116200;;;STARFRUIT;SEASHELLS;4924.0;1
116200;;;AMETHYSTS;SEASHELLS;9995.0;1
116600;;;STARFRUIT;SEASHELLS;4925.0;9
116800;;;AMETHYSTS;SEASHELLS;10002.0;3
116900;;;AMETHYSTS;SEASHELLS;9996.0;1
116900;;;AMETHYSTS;SEASHELLS;9996.0;7
118100;;;AMETHYSTS;SEASHELLS;10002.0;1
118200;;;STARFRUIT;SEASHELLS;4925.0;1
118300;;;STARFRUIT;SEASHELLS;4925.0;1
118500;;;STARFRUIT;SEASHELLS;4925.0;1
119100;;;STARFRUIT;SEASHELLS;4926.0;16
119200;;;STARFRUIT;SEASHELLS;4927.0;2
119200;;;STARFRUIT;SEASHELLS;4927.0;10
119300;;;AMETHYSTS;SEASHELLS;9998.0;1
119600;;;STARFRUIT;SEASHELLS;4926.0;1
119800;;;STARFRUIT;SEASHELLS;4931.0;1
119800;;;AMETHYSTS;SEASHELLS;10000.0;1
119900;;;STARFRUIT;SEASHELLS;4926.0;1
120000;;;AMETHYSTS;SEASHELLS;10002.0;1
120300;;;STARFRUIT;SEASHELLS;4926.0;2
120300;;;AMETHYSTS;SEASHELLS;9996.0;2
120500;;;AMETHYSTS;SEASHELLS;10002.0;1
120500;;;STARFRUIT;SEASHELLS;4930.0;1
120600;;;STARFRUIT;SEASHELLS;4925.0;1
121100;;;STARFRUIT;SEASHELLS;4926.0;1
121500;;;AMETHYSTS;SEASHELLS;10002.0;1
121500;;;STARFRUIT;SEASHELLS;4931.0;1
121800;;;AMETHYSTS;SEASHELLS;10002.0;1
121900;;;STARFRUIT;SEASHELLS;4931.0;1
122600;;;STARFRUIT;SEASHELLS;4934.0;1
122900;;;STARFRUIT;SEASHELLS;4935.0;1
123000;;;AMETHYSTS;SEASHELLS;9998.0;1
123000;;;STARFRUIT;SEASHELLS;4931.0;1
123600;;;STARFRUIT;SEASHELLS;4935.0;1
123700;;;AMETHYSTS;SEASHELLS;10002.0;6
123800;;;AMETHYSTS;SEASHELLS;9998.0;1
123800;;;STARFRUIT;SEASHELLS;4935.0;1
124000;;;AMETHYSTS;SEASHELLS;10005.0;2
124000;;;STARFRUIT;SEASHELLS;4936.0;2
125200;;;AMETHYSTS;SEASHELLS;10002.0;4
125300;;;STARFRUIT;SEASHELLS;4928.0;1
125400;;;AMETHYSTS;SEASHELLS;9998.0;1
125400;;;AMETHYSTS;SEASHELLS;9998.0;1
126300;;;AMETHYSTS;SEASHELLS;9995.0;2
126300;;;STARFRUIT;SEASHELLS;4928.0;2
126400;;;STARFRUIT;SEASHELLS;4932.0;1
126400;;;AMETHYSTS;SEASHELLS;9995.0;2
126400;;;STARFRUIT;SEASHELLS;4932.0;2
126700;;;AMETHYSTS;SEASHELLS;10002.0;2
127000;;;AMETHYSTS;SEASHELLS;9995.0;2
127000;;;STARFRUIT;SEASHELLS;4930.0;2
127400;;;STARFRUIT;SEASHELLS;4938.0;2
127400;;;AMETHYSTS;SEASHELLS;10005.0;2
127900;;;AMETHYSTS;SEASHELLS;10004.0;7
127900;;;AMETHYSTS;SEASHELLS;10004.0;2
128200;;;AMETHYSTS;SEASHELLS;10002.0;1
128400;;;STARFRUIT;SEASHELLS;4929.0;1
128400;;;AMETHYSTS;SEASHELLS;9996.0;1
128700;;;AMETHYSTS;SEASHELLS;10005.0;6
128900;;;AMETHYSTS;SEASHELLS;10002.0;2
128900;;;STARFRUIT;SEASHELLS;4936.0;1
129600;;;STARFRUIT;SEASHELLS;4932.0;1
130300;;;AMETHYSTS;SEASHELLS;10002.0;1
130700;;;STARFRUIT;SEASHELLS;4932.0;1
130700;;;STARFRUIT;SEASHELLS;4932.0;1
131800;;;STARFRUIT;SEASHELLS;4931.0;1
132100;;;AMETHYSTS;SEASHELLS;9998.0;3
132100;;;AMETHYSTS;SEASHELLS;9998.0;1
132300;;;AMETHYSTS;SEASHELLS;10002.0;4
132400;;;AMETHYSTS;SEASHELLS;10004.0;1
132400;;;STARFRUIT;SEASHELLS;4938.0;1
132500;;;STARFRUIT;SEASHELLS;4932.0;1
132500;;;AMETHYSTS;SEASHELLS;9998.0;1
132500;;;STARFRUIT;SEASHELLS;4932.0;3
133100;;;AMETHYSTS;SEASHELLS;10002.0;5
133100;;;AMETHYSTS;SEASHELLS;10004.0;1
133100;;;AMETHYSTS;SEASHELLS;10004.0;4
133200;;;AMETHYSTS;SEASHELLS;9996.0;1
133400;;;AMETHYSTS;SEASHELLS;9998.0;2
133400;;;STARFRUIT;SEASHELLS;4930.0;1
133700;;;STARFRUIT;SEASHELLS;4929.0;1
133900;;;STARFRUIT;SEASHELLS;4930.0;7
134000;;;STARFRUIT;SEASHELLS;4936.0;17
134000;;;STARFRUIT;SEASHELLS;4935.0;1
134100;;;AMETHYSTS;SEASHELLS;9998.0;2
134200;;;AMETHYSTS;SEASHELLS;10002.0;1
134300;;;AMETHYSTS;SEASHELLS;10002.0;1
134600;;;AMETHYSTS;SEASHELLS;10004.0;1
134600;;;AMETHYSTS;SEASHELLS;10004.0;1
134700;;;AMETHYSTS;SEASHELLS;10004.0;1
134700;;;AMETHYSTS;SEASHELLS;10002.0;4
134700;;;AMETHYSTS;SEASHELLS;10004.0;1
134800;;;STARFRUIT;SEASHELLS;4933.0;1
134900;;;AMETHYSTS;SEASHELLS;9998.0;1
134900;;;AMETHYSTS;SEASHELLS;9998.0;1
135500;;;STARFRUIT;SEASHELLS;4936.0;1
135600;;;AMETHYSTS;SEASHELLS;10002.0;1
135700;;;STARFRUIT;SEASHELLS;4931.0;2
135800;;;STARFRUIT;SEASHELLS;4932.0;1
135900;;;AMETHYSTS;SEASHELLS;10005.0;2
135900;;;STARFRUIT;SEASHELLS;4936.0;2
136000;;;AMETHYSTS;SEASHELLS;9998.0;1
136300;;;AMETHYSTS;SEASHELLS;10002.0;1
136500;;;STARFRUIT;SEASHELLS;4934.0;1
136500;;;STARFRUIT;SEASHELLS;4935.0;2
136500;;;AMETHYSTS;SEASHELLS;10004.0;2
137000;;;AMETHYSTS;SEASHELLS;9996.0;1
137100;;;AMETHYSTS;SEASHELLS;10002.0;3
137200;;;STARFRUIT;SEASHELLS;4934.0;5
137400;;;STARFRUIT;SEASHELLS;4928.0;5
137400;;;AMETHYSTS;SEASHELLS;10002.0;3
137600;;;STARFRUIT;SEASHELLS;4933.0;1
137700;;;STARFRUIT;SEASHELLS;4928.0;2
137700;;;AMETHYSTS;SEASHELLS;9998.0;2
137900;;;STARFRUIT;SEASHELLS;4934.0;1
137900;;;AMETHYSTS;SEASHELLS;10004.0;1
138100;;;AMETHYSTS;SEASHELLS;9996.0;7
138100;;;AMETHYSTS;SEASHELLS;9996.0;2
138300;;;AMETHYSTS;SEASHELLS;9995.0;7
138500;;;STARFRUIT;SEASHELLS;4929.0;1
138600;;;STARFRUIT;SEASHELLS;4929.0;1
139000;;;STARFRUIT;SEASHELLS;4928.0;1
139400;;;STARFRUIT;SEASHELLS;4928.0;1
139400;;;AMETHYSTS;SEASHELLS;10004.0;1
139400;;;AMETHYSTS;SEASHELLS;10002.0;5
139400;;;STARFRUIT;SEASHELLS;4934.0;1
139400;;;STARFRUIT;SEASHELLS;4934.0;1
139400;;;AMETHYSTS;SEASHELLS;10004.0;1
139600;;;AMETHYSTS;SEASHELLS;9998.0;1
139700;;;STARFRUIT;SEASHELLS;4928.0;1
140100;;;STARFRUIT;SEASHELLS;4928.0;1
140200;;;STARFRUIT;SEASHELLS;4934.0;3
140400;;;STARFRUIT;SEASHELLS;4928.0;1
140600;;;STARFRUIT;SEASHELLS;4929.0;1
140700;;;STARFRUIT;SEASHELLS;4931.0;2
141600;;;AMETHYSTS;SEASHELLS;10002.0;1
141800;;;STARFRUIT;SEASHELLS;4934.0;9
141800;;;STARFRUIT;SEASHELLS;4934.0;2
142300;;;STARFRUIT;SEASHELLS;4934.0;1
142600;;;STARFRUIT;SEASHELLS;4929.0;1
142800;;;AMETHYSTS;SEASHELLS;9998.0;2
143100;;;AMETHYSTS;SEASHELLS;10002.0;1
143100;;;STARFRUIT;SEASHELLS;4930.0;1
143600;;;AMETHYSTS;SEASHELLS;9995.0;1
143600;;;STARFRUIT;SEASHELLS;4929.0;1
143700;;;STARFRUIT;SEASHELLS;4930.0;19
144000;;;STARFRUIT;SEASHELLS;4936.0;1
144100;;;STARFRUIT;SEASHELLS;4930.0;7
144200;;;STARFRUIT;SEASHELLS;4936.0;1
144300;;;STARFRUIT;SEASHELLS;4931.0;6
144300;;;STARFRUIT;SEASHELLS;4931.0;6
144600;;;AMETHYSTS;SEASHELLS;10002.0;2
145000;;;STARFRUIT;SEASHELLS;4933.0;1
145000;;;AMETHYSTS;SEASHELLS;9998.0;1
145100;;;STARFRUIT;SEASHELLS;4932.0;7
145300;;;AMETHYSTS;SEASHELLS;9998.0;3
145400;;;AMETHYSTS;SEASHELLS;9998.0;1
145400;;;STARFRUIT;SEASHELLS;4932.0;1
145500;;;STARFRUIT;SEASHELLS;4936.0;1
145500;;;AMETHYSTS;SEASHELLS;10002.0;1
145600;;;STARFRUIT;SEASHELLS;4931.0;1
145700;;;AMETHYSTS;SEASHELLS;10004.0;2
145700;;;AMETHYSTS;SEASHELLS;10004.0;8
146300;;;AMETHYSTS;SEASHELLS;9998.0;1
146500;;;AMETHYSTS;SEASHELLS;10005.0;1
146500;;;STARFRUIT;SEASHELLS;4937.0;1
146600;;;AMETHYSTS;SEASHELLS;10000.0;4
146900;;;STARFRUIT;SEASHELLS;4929.0;1
147600;;;STARFRUIT;SEASHELLS;4930.0;1
147700;;;AMETHYSTS;SEASHELLS;10002.0;1
147800;;;STARFRUIT;SEASHELLS;4934.0;1
148000;;;STARFRUIT;SEASHELLS;4934.0;3
148200;;;STARFRUIT;SEASHELLS;4930.0;1
148400;;;STARFRUIT;SEASHELLS;4931.0;2
148700;;;STARFRUIT;SEASHELLS;4930.0;1
148700;;;AMETHYSTS;SEASHELLS;10005.0;2
148700;;;STARFRUIT;SEASHELLS;4936.0;2
149500;;;STARFRUIT;SEASHELLS;4933.0;1
149800;;;AMETHYSTS;SEASHELLS;10002.0;2
149800;;;STARFRUIT;SEASHELLS;4933.0;1
149800;;;AMETHYSTS;SEASHELLS;10002.0;3
150000;;;AMETHYSTS;SEASHELLS;9996.0;1
150200;;;STARFRUIT;SEASHELLS;4929.0;2
150200;;;AMETHYSTS;SEASHELLS;9998.0;1
150400;;;STARFRUIT;SEASHELLS;4929.0;1
150500;;;AMETHYSTS;SEASHELLS;10002.0;1
150600;;;STARFRUIT;SEASHELLS;4928.0;1
150700;;;STARFRUIT;SEASHELLS;4935.0;2
151000;;;STARFRUIT;SEASHELLS;4930.0;9
151500;;;STARFRUIT;SEASHELLS;4929.0;1
151600;;;AMETHYSTS;SEASHELLS;10002.0;3
151600;;;STARFRUIT;SEASHELLS;4934.0;1
152300;;;STARFRUIT;SEASHELLS;4936.0;2
152300;;;AMETHYSTS;SEASHELLS;10004.0;2
152500;;;STARFRUIT;SEASHELLS;4934.0;5
152500;;;STARFRUIT;SEASHELLS;4934.0;5
152500;;;STARFRUIT;SEASHELLS;4931.0;1
153000;;;AMETHYSTS;SEASHELLS;9995.0;3
153000;;;STARFRUIT;SEASHELLS;4935.0;1
153000;;;STARFRUIT;SEASHELLS;4929.0;4
153500;;;STARFRUIT;SEASHELLS;4937.0;1
153500;;;AMETHYSTS;SEASHELLS;9998.0;1
153700;;;STARFRUIT;SEASHELLS;4931.0;1
153800;;;STARFRUIT;SEASHELLS;4938.0;3
154300;;;STARFRUIT;SEASHELLS;4931.0;2
154300;;;AMETHYSTS;SEASHELLS;9996.0;1
154800;;;AMETHYSTS;SEASHELLS;10002.0;1
155100;;;STARFRUIT;SEASHELLS;4930.0;1
155200;;;AMETHYSTS;SEASHELLS;10002.0;1
155500;;;AMETHYSTS;SEASHELLS;9998.0;1
155700;;;STARFRUIT;SEASHELLS;4936.0;1
155700;;;AMETHYSTS;SEASHELLS;10005.0;1
156500;;;AMETHYSTS;SEASHELLS;10002.0;3
156600;;;AMETHYSTS;SEASHELLS;9996.0;1
156600;;;AMETHYSTS;SEASHELLS;9996.0;1
156600;;;STARFRUIT;SEASHELLS;4931.0;1
156600;;;STARFRUIT;SEASHELLS;4930.0;2
156900;;;STARFRUIT;SEASHELLS;4930.0;1
157000;;;STARFRUIT;SEASHELLS;4930.0;1
157400;;;AMETHYSTS;SEASHELLS;10002.0;10
157700;;;STARFRUIT;SEASHELLS;4934.0;1
158000;;;STARFRUIT;SEASHELLS;4930.0;4
158100;;;STARFRUIT;SEASHELLS;4930.0;1
158200;;;AMETHYSTS;SEASHELLS;10002.0;1
158300;;;AMETHYSTS;SEASHELLS;9998.0;7
158800;;;STARFRUIT;SEASHELLS;4930.0;1
159200;;;AMETHYSTS;SEASHELLS;9995.0;9
160000;;;STARFRUIT;SEASHELLS;4937.0;2
160000;;;AMETHYSTS;SEASHELLS;10004.0;2
160100;;;STARFRUIT;SEASHELLS;4934.0;5
160300;;;AMETHYSTS;SEASHELLS;9998.0;1
160400;;;STARFRUIT;SEASHELLS;4934.0;1
160400;;;AMETHYSTS;SEASHELLS;9998.0;1
160600;;;AMETHYSTS;SEASHELLS;10002.0;1
161600;;;AMETHYSTS;SEASHELLS;9998.0;1
161900;;;STARFRUIT;SEASHELLS;4927.0;1
161900;;;STARFRUIT;SEASHELLS;4927.0;9
162300;;;STARFRUIT;SEASHELLS;4931.0;3
162600;;;STARFRUIT;SEASHELLS;4932.0;1
162900;;;AMETHYSTS;SEASHELLS;9995.0;4
163500;;;AMETHYSTS;SEASHELLS;10002.0;3
163600;;;STARFRUIT;SEASHELLS;4928.0;5
163800;;;STARFRUIT;SEASHELLS;4927.0;1
163900;;;STARFRUIT;SEASHELLS;4927.0;17
163900;;;STARFRUIT;SEASHELLS;4927.0;2
163900;;;AMETHYSTS;SEASHELLS;9996.0;1
164600;;;STARFRUIT;SEASHELLS;4931.0;1
164700;;;STARFRUIT;SEASHELLS;4932.0;2
164700;;;STARFRUIT;SEASHELLS;4932.0;8
164800;;;AMETHYSTS;SEASHELLS;10004.0;2
164800;;;AMETHYSTS;SEASHELLS;10004.0;6
165000;;;STARFRUIT;SEASHELLS;4931.0;1
165100;;;STARFRUIT;SEASHELLS;4927.0;3
165100;;;STARFRUIT;SEASHELLS;4927.0;1
165700;;;STARFRUIT;SEASHELLS;4930.0;1
165800;;;STARFRUIT;SEASHELLS;4926.0;1
166000;;;STARFRUIT;SEASHELLS;4930.0;1
166400;;;AMETHYSTS;SEASHELLS;9998.0;1
167100;;;AMETHYSTS;SEASHELLS;9996.0;1
167800;;;AMETHYSTS;SEASHELLS;9998.0;1
167800;;;STARFRUIT;SEASHELLS;4932.0;1
167900;;;AMETHYSTS;SEASHELLS;9998.0;1
168000;;;AMETHYSTS;SEASHELLS;10005.0;8
168100;;;STARFRUIT;SEASHELLS;4931.0;4
169100;;;STARFRUIT;SEASHELLS;4934.0;4
169300;;;STARFRUIT;SEASHELLS;4934.0;15
169900;;;STARFRUIT;SEASHELLS;4927.0;1
170200;;;AMETHYSTS;SEASHELLS;10002.0;3
170200;;;STARFRUIT;SEASHELLS;4927.0;1
170400;;;STARFRUIT;SEASHELLS;4934.0;15
170700;;;STARFRUIT;SEASHELLS;4928.0;1
171100;;;AMETHYSTS;SEASHELLS;10002.0;1
171400;;;AMETHYSTS;SEASHELLS;10002.0;5
171600;;;STARFRUIT;SEASHELLS;4933.0;20
171900;;;STARFRUIT;SEASHELLS;4927.0;1
171900;;;AMETHYSTS;SEASHELLS;10002.0;1
172100;;;AMETHYSTS;SEASHELLS;10002.0;1
172600;;;STARFRUIT;SEASHELLS;4926.0;2
172600;;;AMETHYSTS;SEASHELLS;9996.0;1
172700;;;AMETHYSTS;SEASHELLS;9998.0;3
173200;;;STARFRUIT;SEASHELLS;4927.0;1
173300;;;STARFRUIT;SEASHELLS;4927.0;1
173400;;;AMETHYSTS;SEASHELLS;9996.0;1
173400;;;STARFRUIT;SEASHELLS;4927.0;2
173400;;;AMETHYSTS;SEASHELLS;10002.0;1
173500;;;AMETHYSTS;SEASHELLS;9998.0;3
173900;;;AMETHYSTS;SEASHELLS;10005.0;9
174000;;;STARFRUIT;SEASHELLS;4931.0;1
174000;;;AMETHYSTS;SEASHELLS;9998.0;1
174300;;;AMETHYSTS;SEASHELLS;10002.0;1
174400;;;STARFRUIT;SEASHELLS;4932.0;4
174400;;;STARFRUIT;SEASHELLS;4932.0;1
174500;;;STARFRUIT;SEASHELLS;4932.0;9
174900;;;STARFRUIT;SEASHELLS;4928.0;2
175800;;;STARFRUIT;SEASHELLS;4933.0;1
175800;;;AMETHYSTS;SEASHELLS;10004.0;1
176000;;;STARFRUIT;SEASHELLS;4927.0;1
176000;;;AMETHYSTS;SEASHELLS;10002.0;1
176100;;;AMETHYSTS;SEASHELLS;10004.0;1
176100;;;AMETHYSTS;SEASHELLS;10004.0;1
176100;;;STARFRUIT;SEASHELLS;4933.0;2
176900;;;STARFRUIT;SEASHELLS;4932.0;7
177400;;;STARFRUIT;SEASHELLS;4928.0;1
177600;;;AMETHYSTS;SEASHELLS;9998.0;1
177700;;;STARFRUIT;SEASHELLS;4929.0;1
177700;;;AMETHYSTS;SEASHELLS;9996.0;1
177900;;;STARFRUIT;SEASHELLS;4929.0;4
178000;;;AMETHYSTS;SEASHELLS;9998.0;1
178700;;;STARFRUIT;SEASHELLS;4928.0;1
178900;;;STARFRUIT;SEASHELLS;4927.0;1
179000;;;AMETHYSTS;SEASHELLS;10004.0;1
179000;;;STARFRUIT;SEASHELLS;4932.0;1
179100;;;STARFRUIT;SEASHELLS;4926.0;1
179300;;;AMETHYSTS;SEASHELLS;9998.0;2
179400;;;STARFRUIT;SEASHELLS;4930.0;4
179600;;;AMETHYSTS;SEASHELLS;9998.0;4
179800;;;AMETHYSTS;SEASHELLS;9995.0;8
179900;;;AMETHYSTS;SEASHELLS;9996.0;2
180100;;;AMETHYSTS;SEASHELLS;9998.0;3
180300;;;AMETHYSTS;SEASHELLS;9998.0;4
180500;;;AMETHYSTS;SEASHELLS;10002.0;3
180600;;;STARFRUIT;SEASHELLS;4934.0;18
180800;;;AMETHYSTS;SEASHELLS;10002.0;1
180900;;;AMETHYSTS;SEASHELLS;9998.0;1
181400;;;STARFRUIT;SEASHELLS;4931.0;1
181400;;;AMETHYSTS;SEASHELLS;10002.0;1
181500;;;AMETHYSTS;SEASHELLS;9998.0;2
181500;;;STARFRUIT;SEASHELLS;4927.0;1
181500;;;STARFRUIT;SEASHELLS;4927.0;2
181900;;;AMETHYSTS;SEASHELLS;10002.0;1
182000;;;AMETHYSTS;SEASHELLS;10002.0;1
182200;;;STARFRUIT;SEASHELLS;4931.0;1
182300;;;AMETHYSTS;SEASHELLS;9996.0;1
182500;;;AMETHYSTS;SEASHELLS;10002.0;4
183100;;;AMETHYSTS;SEASHELLS;10004.0;1
183100;;;STARFRUIT;SEASHELLS;4934.0;2
183500;;;STARFRUIT;SEASHELLS;4933.0;1
183900;;;AMETHYSTS;SEASHELLS;9995.0;6
184100;;;STARFRUIT;SEASHELLS;4933.0;1
184400;;;STARFRUIT;SEASHELLS;4927.0;14
184600;;;AMETHYSTS;SEASHELLS;9995.0;1
184600;;;STARFRUIT;SEASHELLS;4927.0;1
184800;;;AMETHYSTS;SEASHELLS;10002.0;3
184800;;;AMETHYSTS;SEASHELLS;10002.0;5
185400;;;AMETHYSTS;SEASHELLS;9996.0;1
185400;;;STARFRUIT;SEASHELLS;4929.0;1
185800;;;STARFRUIT;SEASHELLS;4930.0;4
185800;;;AMETHYSTS;SEASHELLS;9998.0;1
186100;;;STARFRUIT;SEASHELLS;4933.0;1
186200;;;STARFRUIT;SEASHELLS;4927.0;12
186300;;;AMETHYSTS;SEASHELLS;10004.0;10
186300;;;AMETHYSTS;SEASHELLS;10004.0;1
186300;;;STARFRUIT;SEASHELLS;4929.0;3
187100;;;STARFRUIT;SEASHELLS;4933.0;8
187200;;;STARFRUIT;SEASHELLS;4930.0;4
187300;;;STARFRUIT;SEASHELLS;4933.0;1
187400;;;STARFRUIT;SEASHELLS;4933.0;1
187700;;;STARFRUIT;SEASHELLS;4929.0;1
188000;;;AMETHYSTS;SEASHELLS;10002.0;1
188300;;;STARFRUIT;SEASHELLS;4931.0;1
188400;;;AMETHYSTS;SEASHELLS;9998.0;1
188500;;;AMETHYSTS;SEASHELLS;10002.0;1
189000;;;STARFRUIT;SEASHELLS;4928.0;1
189500;;;AMETHYSTS;SEASHELLS;9998.0;1
189500;;;AMETHYSTS;SEASHELLS;10005.0;2
189500;;;STARFRUIT;SEASHELLS;4936.0;2
189800;;;STARFRUIT;SEASHELLS;4929.0;2
189800;;;AMETHYSTS;SEASHELLS;10004.0;1
189800;;;AMETHYSTS;SEASHELLS;10004.0;1
189800;;;STARFRUIT;SEASHELLS;4929.0;1
189800;;;STARFRUIT;SEASHELLS;4929.0;13
189900;;;STARFRUIT;SEASHELLS;4934.0;1
189900;;;STARFRUIT;SEASHELLS;4929.0;1
189900;;;STARFRUIT;SEASHELLS;4929.0;5
189900;;;STARFRUIT;SEASHELLS;4929.0;1
190300;;;STARFRUIT;SEASHELLS;4935.0;1
190600;;;STARFRUIT;SEASHELLS;4930.0;1
190800;;;AMETHYSTS;SEASHELLS;9998.0;5
190900;;;STARFRUIT;SEASHELLS;4934.0;1
190900;;;AMETHYSTS;SEASHELLS;10005.0;1
190900;;;STARFRUIT;SEASHELLS;4936.0;1
190900;;;AMETHYSTS;SEASHELLS;10002.0;1
191000;;;AMETHYSTS;SEASHELLS;10002.0;1
191400;;;AMETHYSTS;SEASHELLS;9998.0;1
191700;;;AMETHYSTS;SEASHELLS;10004.0;4
191700;;;AMETHYSTS;SEASHELLS;10004.0;2
191800;;;STARFRUIT;SEASHELLS;4934.0;1
192000;;;STARFRUIT;SEASHELLS;4933.0;1
192000;;;AMETHYSTS;SEASHELLS;10002.0;1
192000;;;STARFRUIT;SEASHELLS;4933.0;4
192100;;;AMETHYSTS;SEASHELLS;9998.0;1
192200;;;AMETHYSTS;SEASHELLS;9998.0;2
192400;;;STARFRUIT;SEASHELLS;4929.0;1
192400;;;AMETHYSTS;SEASHELLS;9998.0;1
192500;;;STARFRUIT;SEASHELLS;4933.0;1
192700;;;AMETHYSTS;SEASHELLS;9996.0;1
192700;;;AMETHYSTS;SEASHELLS;9996.0;5
192800;;;STARFRUIT;SEASHELLS;4929.0;4
193100;;;STARFRUIT;SEASHELLS;4928.0;1
193300;;;AMETHYSTS;SEASHELLS;10002.0;4
193300;;;AMETHYSTS;SEASHELLS;10002.0;1
193400;;;STARFRUIT;SEASHELLS;4935.0;1
193400;;;STARFRUIT;SEASHELLS;4935.0;15
193700;;;AMETHYSTS;SEASHELLS;9998.0;1
193800;;;STARFRUIT;SEASHELLS;4934.0;1
194000;;;STARFRUIT;SEASHELLS;4929.0;1
194400;;;AMETHYSTS;SEASHELLS;10002.0;2
194400;;;STARFRUIT;SEASHELLS;4933.0;2
194600;;;STARFRUIT;SEASHELLS;4929.0;1
195100;;;AMETHYSTS;SEASHELLS;10002.0;1
195100;;;AMETHYSTS;SEASHELLS;10002.0;4
195400;;;STARFRUIT;SEASHELLS;4934.0;5
195700;;;AMETHYSTS;SEASHELLS;10002.0;1
195700;;;STARFRUIT;SEASHELLS;4934.0;11
195700;;;STARFRUIT;SEASHELLS;4934.0;2
195800;;;AMETHYSTS;SEASHELLS;10004.0;1
195800;;;STARFRUIT;SEASHELLS;4935.0;1
196000;;;AMETHYSTS;SEASHELLS;10002.0;1
196500;;;STARFRUIT;SEASHELLS;4929.0;1
197300;;;AMETHYSTS;SEASHELLS;9996.0;1
197300;;;AMETHYSTS;SEASHELLS;9996.0;1
197300;;;STARFRUIT;SEASHELLS;4936.0;1
197500;;;STARFRUIT;SEASHELLS;4929.0;1
197700;;;AMETHYSTS;SEASHELLS;10002.0;2
197700;;;STARFRUIT;SEASHELLS;4934.0;2
198500;;;STARFRUIT;SEASHELLS;4936.0;2
198500;;;AMETHYSTS;SEASHELLS;9998.0;2
198800;;;STARFRUIT;SEASHELLS;4930.0;1
198900;;;AMETHYSTS;SEASHELLS;10002.0;1
199000;;;STARFRUIT;SEASHELLS;4929.0;2
199000;;;AMETHYSTS;SEASHELLS;9996.0;2
199100;;;STARFRUIT;SEASHELLS;4930.0;1
199400;;;AMETHYSTS;SEASHELLS;10004.0;1
199400;;;STARFRUIT;SEASHELLS;4937.0;1
199400;;;STARFRUIT;SEASHELLS;4935.0;1
199500;;;AMETHYSTS;SEASHELLS;10002.0;1
199600;;;AMETHYSTS;SEASHELLS;10002.0;2
199600;;;STARFRUIT;SEASHELLS;4935.0;2
199900;;;STARFRUIT;SEASHELLS;4933.0;2
200000;;;STARFRUIT;SEASHELLS;4936.0;1
200200;;;AMETHYSTS;SEASHELLS;10004.0;1
200300;;;STARFRUIT;SEASHELLS;4930.0;5
201200;;;AMETHYSTS;SEASHELLS;10005.0;8
201200;;;AMETHYSTS;SEASHELLS;10004.0;1
201400;;;STARFRUIT;SEASHELLS;4934.0;1
201400;;;STARFRUIT;SEASHELLS;4934.0;9
201500;;;STARFRUIT;SEASHELLS;4929.0;1
201800;;;STARFRUIT;SEASHELLS;4934.0;1
202100;;;STARFRUIT;SEASHELLS;4930.0;2
202100;;;AMETHYSTS;SEASHELLS;10002.0;1
202100;;;STARFRUIT;SEASHELLS;4930.0;1
202100;;;AMETHYSTS;SEASHELLS;10004.0;1
202100;;;AMETHYSTS;SEASHELLS;10004.0;1
202600;;;AMETHYSTS;SEASHELLS;9995.0;2
202600;;;STARFRUIT;SEASHELLS;4928.0;2
202700;;;STARFRUIT;SEASHELLS;4933.0;1
203200;;;STARFRUIT;SEASHELLS;4934.0;1
203300;;;STARFRUIT;SEASHELLS;4929.0;1
203700;;;AMETHYSTS;SEASHELLS;9996.0;7
203700;;;AMETHYSTS;SEASHELLS;9996.0;2
203800;;;AMETHYSTS;SEASHELLS;10004.0;1
203800;;;STARFRUIT;SEASHELLS;4933.0;1
204000;;;AMETHYSTS;SEASHELLS;9998.0;1
204100;;;AMETHYSTS;SEASHELLS;9998.0;1
204200;;;STARFRUIT;SEASHELLS;4931.0;1
204500;;;AMETHYSTS;SEASHELLS;10002.0;4
204500;;;STARFRUIT;SEASHELLS;4935.0;5
205400;;;AMETHYSTS;SEASHELLS;10002.0;1
205600;;;AMETHYSTS;SEASHELLS;10002.0;5
205700;;;STARFRUIT;SEASHELLS;4929.0;12
205800;;;AMETHYSTS;SEASHELLS;9998.0;1
206000;;;STARFRUIT;SEASHELLS;4933.0;1
206000;;;STARFRUIT;SEASHELLS;4933.0;4
206100;;;AMETHYSTS;SEASHELLS;9996.0;2
206300;;;AMETHYSTS;SEASHELLS;9996.0;1
206700;;;AMETHYSTS;SEASHELLS;9996.0;2
206900;;;AMETHYSTS;SEASHELLS;9998.0;1
207300;;;AMETHYSTS;SEASHELLS;10002.0;1
207400;;;AMETHYSTS;SEASHELLS;10002.0;1
207400;;;STARFRUIT;SEASHELLS;4934.0;1
207800;;;AMETHYSTS;SEASHELLS;9998.0;4
207900;;;AMETHYSTS;SEASHELLS;10002.0;1
207900;;;STARFRUIT;SEASHELLS;4928.0;1
208000;;;STARFRUIT;SEASHELLS;4934.0;1
208100;;;AMETHYSTS;SEASHELLS;10004.0;2
208100;;;STARFRUIT;SEASHELLS;4935.0;2
208500;;;STARFRUIT;SEASHELLS;4928.0;4
208800;;;STARFRUIT;SEASHELLS;4930.0;1
209600;;;AMETHYSTS;SEASHELLS;9998.0;1
209800;;;AMETHYSTS;SEASHELLS;9998.0;1
210200;;;STARFRUIT;SEASHELLS;4934.0;1
210200;;;AMETHYSTS;SEASHELLS;10002.0;1
210600;;;STARFRUIT;SEASHELLS;4936.0;7
210700;;;STARFRUIT;SEASHELLS;4931.0;5
211100;;;STARFRUIT;SEASHELLS;4934.0;4
212300;;;STARFRUIT;SEASHELLS;4929.0;1
212600;;;STARFRUIT;SEASHELLS;4933.0;1
212700;;;STARFRUIT;SEASHELLS;4934.0;18
212800;;;AMETHYSTS;SEASHELLS;9995.0;8
213400;;;STARFRUIT;SEASHELLS;4927.0;1
213500;;;AMETHYSTS;SEASHELLS;9995.0;3
214100;;;STARFRUIT;SEASHELLS;4932.0;1
214600;;;STARFRUIT;SEASHELLS;4930.0;2
214700;;;STARFRUIT;SEASHELLS;4931.0;1
214800;;;AMETHYSTS;SEASHELLS;9998.0;4
214800;;;STARFRUIT;SEASHELLS;4932.0;1
214800;;;AMETHYSTS;SEASHELLS;9998.0;1
215000;;;STARFRUIT;SEASHELLS;4927.0;1
215000;;;AMETHYSTS;SEASHELLS;9998.0;1
215100;;;AMETHYSTS;SEASHELLS;10005.0;3
215100;;;STARFRUIT;SEASHELLS;4934.0;11
215200;;;STARFRUIT;SEASHELLS;4933.0;1
215200;;;AMETHYSTS;SEASHELLS;10002.0;3
215200;;;AMETHYSTS;SEASHELLS;10004.0;1
215400;;;AMETHYSTS;SEASHELLS;9998.0;1
215700;;;AMETHYSTS;SEASHELLS;9996.0;2
215800;;;AMETHYSTS;SEASHELLS;10002.0;1
215800;;;AMETHYSTS;SEASHELLS;10002.0;1
215900;;;STARFRUIT;SEASHELLS;4929.0;4
216200;;;STARFRUIT;SEASHELLS;4935.0;8
216300;;;STARFRUIT;SEASHELLS;4930.0;1
216400;;;AMETHYSTS;SEASHELLS;10005.0;8
216500;;;STARFRUIT;SEASHELLS;4933.0;5
216700;;;STARFRUIT;SEASHELLS;4931.0;2
216800;;;STARFRUIT;SEASHELLS;4929.0;2
216800;;;AMETHYSTS;SEASHELLS;9996.0;2
217300;;;AMETHYSTS;SEASHELLS;9996.0;5
217300;;;AMETHYSTS;SEASHELLS;9996.0;1
217700;;;STARFRUIT;SEASHELLS;4931.0;1
217800;;;AMETHYSTS;SEASHELLS;10000.0;2
217800;;;STARFRUIT;SEASHELLS;4931.0;2
218400;;;STARFRUIT;SEASHELLS;4934.0;3
218500;;;AMETHYSTS;SEASHELLS;9996.0;1
218500;;;AMETHYSTS;SEASHELLS;10002.0;1
218500;;;AMETHYSTS;SEASHELLS;9996.0;7
218900;;;STARFRUIT;SEASHELLS;4934.0;10
219000;;;AMETHYSTS;SEASHELLS;9998.0;2
219200;;;STARFRUIT;SEASHELLS;4938.0;1
219600;;;AMETHYSTS;SEASHELLS;10002.0;1
219700;;;AMETHYSTS;SEASHELLS;10004.0;11
219700;;;AMETHYSTS;SEASHELLS;10004.0;1
219900;;;STARFRUIT;SEASHELLS;4932.0;1
220000;;;STARFRUIT;SEASHELLS;4937.0;1
220200;;;STARFRUIT;SEASHELLS;4938.0;1
220200;;;AMETHYSTS;SEASHELLS;10004.0;1
220300;;;AMETHYSTS;SEASHELLS;9995.0;2
220300;;;STARFRUIT;SEASHELLS;4933.0;2
220500;;;STARFRUIT;SEASHELLS;4932.0;1
220800;;;STARFRUIT;SEASHELLS;4932.0;1
220900;;;STARFRUIT;SEASHELLS;4936.0;1
221000;;;STARFRUIT;SEASHELLS;4932.0;1
221100;;;AMETHYSTS;SEASHELLS;10002.0;1
221300;;;STARFRUIT;SEASHELLS;4937.0;1
221500;;;AMETHYSTS;SEASHELLS;10002.0;5
221600;;;STARFRUIT;SEASHELLS;4932.0;1
221800;;;AMETHYSTS;SEASHELLS;9998.0;1
222500;;;AMETHYSTS;SEASHELLS;10002.0;4
222500;;;AMETHYSTS;SEASHELLS;10002.0;3
222600;;;STARFRUIT;SEASHELLS;4939.0;6
222600;;;STARFRUIT;SEASHELLS;4939.0;2
222600;;;AMETHYSTS;SEASHELLS;10005.0;2
222900;;;STARFRUIT;SEASHELLS;4936.0;5
222900;;;STARFRUIT;SEASHELLS;4936.0;6
223700;;;AMETHYSTS;SEASHELLS;10002.0;1
223800;;;AMETHYSTS;SEASHELLS;10002.0;1
224100;;;STARFRUIT;SEASHELLS;4938.0;8
224300;;;STARFRUIT;SEASHELLS;4937.0;1
224400;;;STARFRUIT;SEASHELLS;4931.0;1
224600;;;AMETHYSTS;SEASHELLS;9998.0;1
224800;;;AMETHYSTS;SEASHELLS;9996.0;1
224800;;;AMETHYSTS;SEASHELLS;9996.0;9
225000;;;STARFRUIT;SEASHELLS;4937.0;1
225000;;;AMETHYSTS;SEASHELLS;9998.0;1
225100;;;STARFRUIT;SEASHELLS;4933.0;1
225900;;;AMETHYSTS;SEASHELLS;9998.0;1
226200;;;STARFRUIT;SEASHELLS;4937.0;9
226400;;;AMETHYSTS;SEASHELLS;10005.0;3
226700;;;STARFRUIT;SEASHELLS;4933.0;1
226700;;;STARFRUIT;SEASHELLS;4933.0;7
226900;;;STARFRUIT;SEASHELLS;4933.0;1
227000;;;AMETHYSTS;SEASHELLS;9998.0;1
227000;;;AMETHYSTS;SEASHELLS;9998.0;3
227100;;;AMETHYSTS;SEASHELLS;9998.0;1
227700;;;AMETHYSTS;SEASHELLS;10005.0;2
227700;;;STARFRUIT;SEASHELLS;4942.0;2
227900;;;AMETHYSTS;SEASHELLS;9998.0;1
228700;;;STARFRUIT;SEASHELLS;4935.0;1
228700;;;AMETHYSTS;SEASHELLS;10000.0;2
228700;;;STARFRUIT;SEASHELLS;4935.0;1
228800;;;AMETHYSTS;SEASHELLS;10002.0;1
228800;;;STARFRUIT;SEASHELLS;4940.0;1
228800;;;STARFRUIT;SEASHELLS;4935.0;1
229200;;;STARFRUIT;SEASHELLS;4935.0;1
229500;;;STARFRUIT;SEASHELLS;4935.0;1
229900;;;STARFRUIT;SEASHELLS;4934.0;2
229900;;;AMETHYSTS;SEASHELLS;9996.0;1
229900;;;AMETHYSTS;SEASHELLS;9996.0;1
229900;;;STARFRUIT;SEASHELLS;4934.0;1
230100;;;STARFRUIT;SEASHELLS;4933.0;1
230200;;;STARFRUIT;SEASHELLS;4938.0;1
230300;;;STARFRUIT;SEASHELLS;4933.0;7
230300;;;AMETHYSTS;SEASHELLS;10005.0;3
230600;;;STARFRUIT;SEASHELLS;4939.0;2
230600;;;AMETHYSTS;SEASHELLS;10004.0;2
230800;;;STARFRUIT;SEASHELLS;4932.0;1
231000;;;AMETHYSTS;SEASHELLS;9998.0;1
231000;;;STARFRUIT;SEASHELLS;4937.0;1
231200;;;AMETHYSTS;SEASHELLS;10002.0;1
232000;;;STARFRUIT;SEASHELLS;4936.0;5
232100;;;STARFRUIT;SEASHELLS;4937.0;10
232200;;;AMETHYSTS;SEASHELLS;9998.0;1
232600;;;AMETHYSTS;SEASHELLS;9996.0;2
232600;;;STARFRUIT;SEASHELLS;4939.0;7
232800;;;STARFRUIT;SEASHELLS;4938.0;10
232800;;;STARFRUIT;SEASHELLS;4937.0;1
233100;;;AMETHYSTS;SEASHELLS;9996.0;2
233400;;;STARFRUIT;SEASHELLS;4936.0;5
233900;;;AMETHYSTS;SEASHELLS;9996.0;1
233900;;;STARFRUIT;SEASHELLS;4935.0;2
234500;;;STARFRUIT;SEASHELLS;4930.0;9
234500;;;STARFRUIT;SEASHELLS;4930.0;2
234600;;;AMETHYSTS;SEASHELLS;9998.0;4
234700;;;AMETHYSTS;SEASHELLS;10002.0;1
234800;;;STARFRUIT;SEASHELLS;4937.0;1
235100;;;STARFRUIT;SEASHELLS;4933.0;13
235500;;;AMETHYSTS;SEASHELLS;10002.0;4
235800;;;STARFRUIT;SEASHELLS;4933.0;1
235900;;;STARFRUIT;SEASHELLS;4934.0;1
235900;;;AMETHYSTS;SEASHELLS;9998.0;1
236000;;;AMETHYSTS;SEASHELLS;10002.0;1
236300;;;STARFRUIT;SEASHELLS;4939.0;1
236600;;;STARFRUIT;SEASHELLS;4934.0;1
236800;;;AMETHYSTS;SEASHELLS;9998.0;1
237000;;;STARFRUIT;SEASHELLS;4941.0;2
237300;;;AMETHYSTS;SEASHELLS;10002.0;1
237400;;;STARFRUIT;SEASHELLS;4939.0;2
237400;;;STARFRUIT;SEASHELLS;4939.0;1
237600;;;AMETHYSTS;SEASHELLS;9998.0;1
237800;;;AMETHYSTS;SEASHELLS;10004.0;1
237800;;;AMETHYSTS;SEASHELLS;10004.0;1
237800;;;STARFRUIT;SEASHELLS;4935.0;1
238000;;;STARFRUIT;SEASHELLS;4940.0;1
238400;;;STARFRUIT;SEASHELLS;4941.0;1
238500;;;STARFRUIT;SEASHELLS;4942.0;2
238500;;;AMETHYSTS;SEASHELLS;10004.0;2
238600;;;STARFRUIT;SEASHELLS;4936.0;1
238700;;;STARFRUIT;SEASHELLS;4935.0;1
239000;;;AMETHYSTS;SEASHELLS;9998.0;1
239400;;;AMETHYSTS;SEASHELLS;10004.0;2
239400;;;AMETHYSTS;SEASHELLS;10004.0;6
239400;;;STARFRUIT;SEASHELLS;4942.0;1
239900;;;AMETHYSTS;SEASHELLS;10002.0;1
240000;;;STARFRUIT;SEASHELLS;4945.0;2
240000;;;AMETHYSTS;SEASHELLS;10005.0;2
240000;;;AMETHYSTS;SEASHELLS;10004.0;2
240200;;;STARFRUIT;SEASHELLS;4939.0;1
240400;;;AMETHYSTS;SEASHELLS;9998.0;1
240700;;;AMETHYSTS;SEASHELLS;10002.0;1
241000;;;AMETHYSTS;SEASHELLS;9998.0;4
241000;;;STARFRUIT;SEASHELLS;4944.0;1
241100;;;STARFRUIT;SEASHELLS;4945.0;2
241100;;;STARFRUIT;SEASHELLS;4945.0;10
241300;;;STARFRUIT;SEASHELLS;4939.0;1
241500;;;STARFRUIT;SEASHELLS;4944.0;1
241600;;;AMETHYSTS;SEASHELLS;10004.0;1
241600;;;STARFRUIT;SEASHELLS;4946.0;1
241700;;;AMETHYSTS;SEASHELLS;10004.0;5
241700;;;STARFRUIT;SEASHELLS;4947.0;9
241700;;;STARFRUIT;SEASHELLS;4941.0;1
241700;;;STARFRUIT;SEASHELLS;4945.0;9
241700;;;AMETHYSTS;SEASHELLS;10004.0;1
242200;;;STARFRUIT;SEASHELLS;4940.0;2
242200;;;AMETHYSTS;SEASHELLS;9995.0;2
242500;;;STARFRUIT;SEASHELLS;4946.0;1
242500;;;AMETHYSTS;SEASHELLS;9998.0;2
242500;;;STARFRUIT;SEASHELLS;4946.0;1
242600;;;AMETHYSTS;SEASHELLS;10002.0;1
242600;;;STARFRUIT;SEASHELLS;4947.0;1
242700;;;AMETHYSTS;SEASHELLS;9998.0;1
242800;;;STARFRUIT;SEASHELLS;4942.0;1
242900;;;AMETHYSTS;SEASHELLS;9995.0;11
243000;;;STARFRUIT;SEASHELLS;4942.0;1
243500;;;STARFRUIT;SEASHELLS;4948.0;1
243500;;;AMETHYSTS;SEASHELLS;9998.0;1
244000;;;STARFRUIT;SEASHELLS;4942.0;20
244800;;;AMETHYSTS;SEASHELLS;10002.0;1
244800;;;STARFRUIT;SEASHELLS;4943.0;7
244800;;;STARFRUIT;SEASHELLS;4943.0;10
244900;;;STARFRUIT;SEASHELLS;4948.0;1
245100;;;STARFRUIT;SEASHELLS;4943.0;12
245200;;;STARFRUIT;SEASHELLS;4950.0;2
245200;;;AMETHYSTS;SEASHELLS;10005.0;2
245200;;;AMETHYSTS;SEASHELLS;10004.0;2
245300;;;STARFRUIT;SEASHELLS;4949.0;13
245300;;;STARFRUIT;SEASHELLS;4949.0;2
245500;;;AMETHYSTS;SEASHELLS;9998.0;8
245500;;;AMETHYSTS;SEASHELLS;10002.0;1
245700;;;AMETHYSTS;SEASHELLS;10000.0;4
245800;;;AMETHYSTS;SEASHELLS;9998.0;1
245800;;;STARFRUIT;SEASHELLS;4952.0;9
246100;;;AMETHYSTS;SEASHELLS;9995.0;11
246200;;;AMETHYSTS;SEASHELLS;10002.0;1
246300;;;AMETHYSTS;SEASHELLS;9996.0;1
246300;;;AMETHYSTS;SEASHELLS;9996.0;1
246300;;;STARFRUIT;SEASHELLS;4950.0;1
247200;;;STARFRUIT;SEASHELLS;4944.0;1
247400;;;STARFRUIT;SEASHELLS;4945.0;1
247700;;;STARFRUIT;SEASHELLS;4950.0;1
247800;;;STARFRUIT;SEASHELLS;4945.0;1
247800;;;AMETHYSTS;SEASHELLS;9998.0;1
248000;;;AMETHYSTS;SEASHELLS;10005.0;2
248000;;;STARFRUIT;SEASHELLS;4951.0;2
248100;;;STARFRUIT;SEASHELLS;4949.0;12
249200;;;AMETHYSTS;SEASHELLS;9996.0;3
249200;;;AMETHYSTS;SEASHELLS;9996.0;1
249400;;;AMETHYSTS;SEASHELLS;9998.0;1
249600;;;STARFRUIT;SEASHELLS;4948.0;5
249600;;;AMETHYSTS;SEASHELLS;10002.0;4
249700;;;STARFRUIT;SEASHELLS;4947.0;3
250000;;;STARFRUIT;SEASHELLS;4947.0;1
250000;;;AMETHYSTS;SEASHELLS;9996.0;1
250400;;;STARFRUIT;SEASHELLS;4953.0;4
250500;;;AMETHYSTS;SEASHELLS;9998.0;1
250500;;;STARFRUIT;SEASHELLS;4955.0;1
251200;;;AMETHYSTS;SEASHELLS;10002.0;1
251200;;;STARFRUIT;SEASHELLS;4948.0;2
251300;;;STARFRUIT;SEASHELLS;4953.0;1
251600;;;STARFRUIT;SEASHELLS;4953.0;1
252000;;;AMETHYSTS;SEASHELLS;9998.0;2
252000;;;AMETHYSTS;SEASHELLS;9998.0;2
252300;;;AMETHYSTS;SEASHELLS;10005.0;1
252300;;;STARFRUIT;SEASHELLS;4954.0;1
252400;;;AMETHYSTS;SEASHELLS;10002.0;1
253000;;;STARFRUIT;SEASHELLS;4954.0;5
253100;;;AMETHYSTS;SEASHELLS;9996.0;1
253100;;;STARFRUIT;SEASHELLS;4952.0;4
253100;;;STARFRUIT;SEASHELLS;4948.0;1
253500;;;STARFRUIT;SEASHELLS;4947.0;1
253600;;;STARFRUIT;SEASHELLS;4947.0;17
253900;;;STARFRUIT;SEASHELLS;4952.0;5
254200;;;STARFRUIT;SEASHELLS;4954.0;4
254400;;;STARFRUIT;SEASHELLS;4952.0;1
255000;;;AMETHYSTS;SEASHELLS;9998.0;1
255400;;;STARFRUIT;SEASHELLS;4953.0;1
255400;;;AMETHYSTS;SEASHELLS;10004.0;1
255700;;;STARFRUIT;SEASHELLS;4953.0;1
256100;;;AMETHYSTS;SEASHELLS;10002.0;1
256200;;;AMETHYSTS;SEASHELLS;10002.0;1
256300;;;AMETHYSTS;SEASHELLS;9995.0;1
256300;;;STARFRUIT;SEASHELLS;4947.0;1
256400;;;STARFRUIT;SEASHELLS;4948.0;1
256400;;;STARFRUIT;SEASHELLS;4948.0;2
256700;;;AMETHYSTS;SEASHELLS;9998.0;1
257500;;;AMETHYSTS;SEASHELLS;9998.0;1
257500;;;STARFRUIT;SEASHELLS;4948.0;1
257800;;;STARFRUIT;SEASHELLS;4952.0;1
257900;;;AMETHYSTS;SEASHELLS;10002.0;3
258200;;;AMETHYSTS;SEASHELLS;9995.0;1
258200;;;STARFRUIT;SEASHELLS;4947.0;1
258500;;;STARFRUIT;SEASHELLS;4947.0;1
258500;;;AMETHYSTS;SEASHELLS;9996.0;1
258700;;;STARFRUIT;SEASHELLS;4947.0;11
258700;;;STARFRUIT;SEASHELLS;4947.0;2
258900;;;AMETHYSTS;SEASHELLS;10002.0;1
259000;;;AMETHYSTS;SEASHELLS;9996.0;2
259100;;;AMETHYSTS;SEASHELLS;9995.0;5
259600;;;STARFRUIT;SEASHELLS;4953.0;2
259600;;;STARFRUIT;SEASHELLS;4947.0;1
259600;;;AMETHYSTS;SEASHELLS;10004.0;1
259700;;;STARFRUIT;SEASHELLS;4951.0;2
259700;;;STARFRUIT;SEASHELLS;4952.0;1
259700;;;AMETHYSTS;SEASHELLS;9998.0;1
259800;;;AMETHYSTS;SEASHELLS;10004.0;7
259800;;;AMETHYSTS;SEASHELLS;10004.0;1
259900;;;AMETHYSTS;SEASHELLS;10004.0;10
259900;;;AMETHYSTS;SEASHELLS;10004.0;2
260000;;;STARFRUIT;SEASHELLS;4948.0;1
260700;;;AMETHYSTS;SEASHELLS;9998.0;1
261000;;;AMETHYSTS;SEASHELLS;10002.0;1
261100;;;AMETHYSTS;SEASHELLS;9996.0;1
261100;;;STARFRUIT;SEASHELLS;4947.0;1
261500;;;AMETHYSTS;SEASHELLS;10004.0;1
261500;;;STARFRUIT;SEASHELLS;4953.0;1
261600;;;STARFRUIT;SEASHELLS;4951.0;1
261700;;;AMETHYSTS;SEASHELLS;10004.0;1
262400;;;STARFRUIT;SEASHELLS;4953.0;19
262600;;;STARFRUIT;SEASHELLS;4951.0;1
262600;;;STARFRUIT;SEASHELLS;4951.0;1
262600;;;AMETHYSTS;SEASHELLS;10004.0;1
262600;;;AMETHYSTS;SEASHELLS;10004.0;1
262900;;;STARFRUIT;SEASHELLS;4952.0;9
263200;;;STARFRUIT;SEASHELLS;4949.0;7
263900;;;STARFRUIT;SEASHELLS;4949.0;1
263900;;;AMETHYSTS;SEASHELLS;10002.0;1
264000;;;AMETHYSTS;SEASHELLS;10002.0;1
264200;;;STARFRUIT;SEASHELLS;4949.0;11
264300;;;STARFRUIT;SEASHELLS;4945.0;1
264800;;;STARFRUIT;SEASHELLS;4950.0;1
264800;;;AMETHYSTS;SEASHELLS;10002.0;1
265100;;;STARFRUIT;SEASHELLS;4945.0;1
265200;;;STARFRUIT;SEASHELLS;4945.0;2
265200;;;AMETHYSTS;SEASHELLS;10002.0;1
265300;;;STARFRUIT;SEASHELLS;4951.0;12
265300;;;AMETHYSTS;SEASHELLS;9998.0;1
265900;;;STARFRUIT;SEASHELLS;4948.0;4
266000;;;STARFRUIT;SEASHELLS;4949.0;1
266100;;;STARFRUIT;SEASHELLS;4950.0;8
266200;;;STARFRUIT;SEASHELLS;4950.0;10
266300;;;AMETHYSTS;SEASHELLS;9995.0;2
266300;;;STARFRUIT;SEASHELLS;4943.0;2
266700;;;STARFRUIT;SEASHELLS;4945.0;12
267100;;;STARFRUIT;SEASHELLS;4943.0;1
267200;;;STARFRUIT;SEASHELLS;4943.0;1
267300;;;AMETHYSTS;SEASHELLS;9998.0;2
267300;;;STARFRUIT;SEASHELLS;4943.0;2
267500;;;AMETHYSTS;SEASHELLS;9996.0;1
267500;;;STARFRUIT;SEASHELLS;4943.0;2
268500;;;AMETHYSTS;SEASHELLS;9998.0;2
268700;;;AMETHYSTS;SEASHELLS;10002.0;6
269300;;;AMETHYSTS;SEASHELLS;10004.0;1
269300;;;STARFRUIT;SEASHELLS;4953.0;1
269800;;;STARFRUIT;SEASHELLS;4948.0;1
270000;;;STARFRUIT;SEASHELLS;4952.0;1
270200;;;STARFRUIT;SEASHELLS;4953.0;1
270500;;;STARFRUIT;SEASHELLS;4947.0;10
270900;;;AMETHYSTS;SEASHELLS;9998.0;1
271100;;;AMETHYSTS;SEASHELLS;9998.0;1
271100;;;AMETHYSTS;SEASHELLS;9998.0;1
271400;;;AMETHYSTS;SEASHELLS;10002.0;5
271500;;;STARFRUIT;SEASHELLS;4953.0;1
271900;;;STARFRUIT;SEASHELLS;4953.0;1
272000;;;STARFRUIT;SEASHELLS;4954.0;2
272000;;;AMETHYSTS;SEASHELLS;10004.0;1
272500;;;STARFRUIT;SEASHELLS;4948.0;11
272900;;;STARFRUIT;SEASHELLS;4954.0;1
273100;;;AMETHYSTS;SEASHELLS;9996.0;1
273100;;;STARFRUIT;SEASHELLS;4949.0;1
273200;;;STARFRUIT;SEASHELLS;4953.0;5
273600;;;STARFRUIT;SEASHELLS;4948.0;1
273600;;;AMETHYSTS;SEASHELLS;9995.0;1
273900;;;AMETHYSTS;SEASHELLS;10002.0;2
273900;;;AMETHYSTS;SEASHELLS;10002.0;1
273900;;;AMETHYSTS;SEASHELLS;10002.0;1
274200;;;STARFRUIT;SEASHELLS;4952.0;4
274300;;;AMETHYSTS;SEASHELLS;9998.0;1
274400;;;AMETHYSTS;SEASHELLS;9998.0;1
274500;;;AMETHYSTS;SEASHELLS;9996.0;2
275000;;;STARFRUIT;SEASHELLS;4948.0;1
275100;;;AMETHYSTS;SEASHELLS;10002.0;1
275100;;;STARFRUIT;SEASHELLS;4952.0;1
275400;;;AMETHYSTS;SEASHELLS;10002.0;5
275500;;;STARFRUIT;SEASHELLS;4949.0;2
275500;;;AMETHYSTS;SEASHELLS;9998.0;2
275800;;;STARFRUIT;SEASHELLS;4955.0;16
276300;;;AMETHYSTS;SEASHELLS;10002.0;1
276300;;;STARFRUIT;SEASHELLS;4949.0;1
276500;;;AMETHYSTS;SEASHELLS;10002.0;1
276700;;;STARFRUIT;SEASHELLS;4949.0;2
276700;;;AMETHYSTS;SEASHELLS;9995.0;2
276800;;;STARFRUIT;SEASHELLS;4953.0;3
277200;;;AMETHYSTS;SEASHELLS;9998.0;1
277200;;;STARFRUIT;SEASHELLS;4955.0;2
277300;;;AMETHYSTS;SEASHELLS;10002.0;1
277300;;;STARFRUIT;SEASHELLS;4948.0;1
277500;;;STARFRUIT;SEASHELLS;4948.0;11
278300;;;AMETHYSTS;SEASHELLS;9998.0;2
278300;;;STARFRUIT;SEASHELLS;4951.0;2
278400;;;STARFRUIT;SEASHELLS;4950.0;4
279100;;;STARFRUIT;SEASHELLS;4951.0;1
279600;;;STARFRUIT;SEASHELLS;4953.0;17
279600;;;AMETHYSTS;SEASHELLS;9998.0;2
279700;;;AMETHYSTS;SEASHELLS;9998.0;2
280000;;;STARFRUIT;SEASHELLS;4958.0;15
280100;;;STARFRUIT;SEASHELLS;4952.0;2
280100;;;AMETHYSTS;SEASHELLS;9995.0;2
280400;;;STARFRUIT;SEASHELLS;4951.0;14
280500;;;STARFRUIT;SEASHELLS;4956.0;1
280500;;;AMETHYSTS;SEASHELLS;9998.0;1
280700;;;AMETHYSTS;SEASHELLS;9998.0;1
281500;;;AMETHYSTS;SEASHELLS;10002.0;7
281500;;;AMETHYSTS;SEASHELLS;10002.0;1
281700;;;STARFRUIT;SEASHELLS;4952.0;3
281900;;;STARFRUIT;SEASHELLS;4957.0;1
281900;;;AMETHYSTS;SEASHELLS;10005.0;1
282300;;;STARFRUIT;SEASHELLS;4955.0;1
282300;;;AMETHYSTS;SEASHELLS;10002.0;1
282700;;;AMETHYSTS;SEASHELLS;9995.0;1
282700;;;STARFRUIT;SEASHELLS;4951.0;1
283400;;;STARFRUIT;SEASHELLS;4949.0;1
283800;;;STARFRUIT;SEASHELLS;4949.0;1
284000;;;STARFRUIT;SEASHELLS;4949.0;1
284300;;;STARFRUIT;SEASHELLS;4953.0;1
284300;;;AMETHYSTS;SEASHELLS;9998.0;1
284600;;;STARFRUIT;SEASHELLS;4954.0;1
284700;;;STARFRUIT;SEASHELLS;4950.0;4
284800;;;STARFRUIT;SEASHELLS;4948.0;1
285000;;;STARFRUIT;SEASHELLS;4952.0;1
285500;;;STARFRUIT;SEASHELLS;4945.0;1
285800;;;AMETHYSTS;SEASHELLS;9998.0;3
285800;;;AMETHYSTS;SEASHELLS;10004.0;2
286200;;;AMETHYSTS;SEASHELLS;9998.0;1
286300;;;AMETHYSTS;SEASHELLS;10002.0;1
286400;;;AMETHYSTS;SEASHELLS;10002.0;2
286500;;;STARFRUIT;SEASHELLS;4947.0;1
286800;;;STARFRUIT;SEASHELLS;4953.0;2
286900;;;STARFRUIT;SEASHELLS;4947.0;1
287500;;;STARFRUIT;SEASHELLS;4948.0;6
287700;;;AMETHYSTS;SEASHELLS;9998.0;1
287700;;;STARFRUIT;SEASHELLS;4947.0;2
287900;;;AMETHYSTS;SEASHELLS;9998.0;1
288100;;;AMETHYSTS;SEASHELLS;10002.0;1
288100;;;STARFRUIT;SEASHELLS;4951.0;1
288900;;;STARFRUIT;SEASHELLS;4952.0;1
289400;;;STARFRUIT;SEASHELLS;4946.0;1
289400;;;AMETHYSTS;SEASHELLS;9995.0;1
289700;;;STARFRUIT;SEASHELLS;4946.0;13
289700;;;AMETHYSTS;SEASHELLS;9998.0;1
289800;;;AMETHYSTS;SEASHELLS;10000.0;2
289800;;;STARFRUIT;SEASHELLS;4946.0;2
289800;;;AMETHYSTS;SEASHELLS;9998.0;1
289900;;;AMETHYSTS;SEASHELLS;9998.0;1
290500;;;AMETHYSTS;SEASHELLS;9998.0;2
290700;;;AMETHYSTS;SEASHELLS;10002.0;1
290800;;;AMETHYSTS;SEASHELLS;10002.0;1
290800;;;AMETHYSTS;SEASHELLS;10004.0;10
290800;;;AMETHYSTS;SEASHELLS;10004.0;2
291000;;;AMETHYSTS;SEASHELLS;9998.0;1
291100;;;AMETHYSTS;SEASHELLS;10002.0;2
291100;;;STARFRUIT;SEASHELLS;4950.0;5
291100;;;STARFRUIT;SEASHELLS;4951.0;1
292300;;;STARFRUIT;SEASHELLS;4951.0;1
292800;;;AMETHYSTS;SEASHELLS;9998.0;5
293600;;;STARFRUIT;SEASHELLS;4947.0;2
293600;;;AMETHYSTS;SEASHELLS;9996.0;1
293600;;;AMETHYSTS;SEASHELLS;9996.0;1
294100;;;AMETHYSTS;SEASHELLS;10002.0;1
294400;;;STARFRUIT;SEASHELLS;4945.0;1
294400;;;AMETHYSTS;SEASHELLS;10002.0;1
294400;;;AMETHYSTS;SEASHELLS;10004.0;1
294600;;;AMETHYSTS;SEASHELLS;9995.0;8
294600;;;STARFRUIT;SEASHELLS;4948.0;5
294700;;;STARFRUIT;SEASHELLS;4944.0;1
295300;;;STARFRUIT;SEASHELLS;4949.0;1
295300;;;AMETHYSTS;SEASHELLS;10004.0;1
295600;;;STARFRUIT;SEASHELLS;4948.0;1
295800;;;AMETHYSTS;SEASHELLS;9996.0;2
295800;;;STARFRUIT;SEASHELLS;4943.0;2
296000;;;AMETHYSTS;SEASHELLS;9998.0;1
296100;;;STARFRUIT;SEASHELLS;4949.0;1
296100;;;AMETHYSTS;SEASHELLS;9998.0;1
296200;;;STARFRUIT;SEASHELLS;4950.0;2
296300;;;STARFRUIT;SEASHELLS;4951.0;1
296300;;;AMETHYSTS;SEASHELLS;10005.0;1
296500;;;AMETHYSTS;SEASHELLS;10004.0;2
296700;;;AMETHYSTS;SEASHELLS;10002.0;5
296700;;;STARFRUIT;SEASHELLS;4944.0;5
297200;;;STARFRUIT;SEASHELLS;4951.0;2
297200;;;AMETHYSTS;SEASHELLS;10004.0;1
297200;;;STARFRUIT;SEASHELLS;4949.0;1
297200;;;AMETHYSTS;SEASHELLS;10004.0;1
297800;;;STARFRUIT;SEASHELLS;4945.0;1
298800;;;AMETHYSTS;SEASHELLS;9998.0;1
299000;;;STARFRUIT;SEASHELLS;4946.0;1
299000;;;STARFRUIT;SEASHELLS;4950.0;9
299100;;;AMETHYSTS;SEASHELLS;9998.0;1
299100;;;STARFRUIT;SEASHELLS;4952.0;2
299400;;;STARFRUIT;SEASHELLS;4950.0;1
299500;;;AMETHYSTS;SEASHELLS;9996.0;1
299500;;;STARFRUIT;SEASHELLS;4945.0;1
299600;;;AMETHYSTS;SEASHELLS;10004.0;1
299800;;;STARFRUIT;SEASHELLS;4946.0;1
300900;;;STARFRUIT;SEASHELLS;4946.0;1
301000;;;AMETHYSTS;SEASHELLS;9996.0;2
301000;;;AMETHYSTS;SEASHELLS;9995.0;2
301000;;;STARFRUIT;SEASHELLS;4946.0;2
301100;;;STARFRUIT;SEASHELLS;4951.0;1
301500;;;AMETHYSTS;SEASHELLS;9998.0;3
301500;;;AMETHYSTS;SEASHELLS;9998.0;5
301500;;;STARFRUIT;SEASHELLS;4946.0;1
301600;;;STARFRUIT;SEASHELLS;4945.0;1
301600;;;AMETHYSTS;SEASHELLS;10002.0;1
302000;;;STARFRUIT;SEASHELLS;4945.0;1
302000;;;AMETHYSTS;SEASHELLS;9996.0;1
302800;;;AMETHYSTS;SEASHELLS;10002.0;6
302800;;;STARFRUIT;SEASHELLS;4948.0;1
303300;;;STARFRUIT;SEASHELLS;4943.0;1
303400;;;AMETHYSTS;SEASHELLS;10002.0;5
303500;;;AMETHYSTS;SEASHELLS;10002.0;2
304000;;;AMETHYSTS;SEASHELLS;9998.0;1
304300;;;STARFRUIT;SEASHELLS;4949.0;1
304600;;;AMETHYSTS;SEASHELLS;9998.0;1
304600;;;STARFRUIT;SEASHELLS;4947.0;1
305600;;;STARFRUIT;SEASHELLS;4948.0;15
305700;;;AMETHYSTS;SEASHELLS;10002.0;1
305800;;;STARFRUIT;SEASHELLS;4941.0;2
305800;;;AMETHYSTS;SEASHELLS;9995.0;2
305800;;;STARFRUIT;SEASHELLS;4941.0;8
306200;;;STARFRUIT;SEASHELLS;4943.0;1
306400;;;AMETHYSTS;SEASHELLS;10004.0;1
306400;;;AMETHYSTS;SEASHELLS;10004.0;1
306400;;;STARFRUIT;SEASHELLS;4949.0;2
306700;;;STARFRUIT;SEASHELLS;4947.0;1
306700;;;STARFRUIT;SEASHELLS;4948.0;1
307000;;;STARFRUIT;SEASHELLS;4943.0;1
307000;;;AMETHYSTS;SEASHELLS;10004.0;1
307000;;;STARFRUIT;SEASHELLS;4943.0;1
307600;;;AMETHYSTS;SEASHELLS;10002.0;3
307700;;;AMETHYSTS;SEASHELLS;10002.0;4
307700;;;STARFRUIT;SEASHELLS;4942.0;1
308000;;;AMETHYSTS;SEASHELLS;9995.0;3
308800;;;STARFRUIT;SEASHELLS;4948.0;18
308800;;;STARFRUIT;SEASHELLS;4942.0;2
308900;;;STARFRUIT;SEASHELLS;4947.0;1
309000;;;STARFRUIT;SEASHELLS;4942.0;1
309200;;;STARFRUIT;SEASHELLS;4948.0;13
309300;;;STARFRUIT;SEASHELLS;4946.0;1
309300;;;AMETHYSTS;SEASHELLS;9998.0;1
309400;;;AMETHYSTS;SEASHELLS;9998.0;1
309600;;;AMETHYSTS;SEASHELLS;9996.0;1
309600;;;STARFRUIT;SEASHELLS;4942.0;1
309600;;;AMETHYSTS;SEASHELLS;9996.0;1
309600;;;STARFRUIT;SEASHELLS;4942.0;1
309700;;;AMETHYSTS;SEASHELLS;10004.0;1
309700;;;AMETHYSTS;SEASHELLS;10004.0;9
309800;;;STARFRUIT;SEASHELLS;4941.0;12
311000;;;STARFRUIT;SEASHELLS;4943.0;2
311400;;;STARFRUIT;SEASHELLS;4948.0;19
311400;;;AMETHYSTS;SEASHELLS;9998.0;1
311400;;;STARFRUIT;SEASHELLS;4943.0;1
311400;;;STARFRUIT;SEASHELLS;4943.0;3
311500;;;STARFRUIT;SEASHELLS;4946.0;1
311600;;;STARFRUIT;SEASHELLS;4946.0;1
311700;;;STARFRUIT;SEASHELLS;4942.0;1
312000;;;STARFRUIT;SEASHELLS;4950.0;7
312200;;;STARFRUIT;SEASHELLS;4944.0;3
312500;;;AMETHYSTS;SEASHELLS;9998.0;1
312700;;;STARFRUIT;SEASHELLS;4947.0;1
312800;;;STARFRUIT;SEASHELLS;4942.0;1
312900;;;AMETHYSTS;SEASHELLS;9996.0;1
312900;;;STARFRUIT;SEASHELLS;4943.0;1
312900;;;STARFRUIT;SEASHELLS;4943.0;1
312900;;;AMETHYSTS;SEASHELLS;9996.0;1
313000;;;STARFRUIT;SEASHELLS;4948.0;1
313100;;;AMETHYSTS;SEASHELLS;9998.0;1
313400;;;AMETHYSTS;SEASHELLS;9996.0;2
313700;;;STARFRUIT;SEASHELLS;4949.0;1
313800;;;AMETHYSTS;SEASHELLS;9996.0;1
313800;;;AMETHYSTS;SEASHELLS;9996.0;3
314200;;;STARFRUIT;SEASHELLS;4945.0;3
314500;;;AMETHYSTS;SEASHELLS;10002.0;3
314600;;;AMETHYSTS;SEASHELLS;9996.0;2
314600;;;AMETHYSTS;SEASHELLS;9996.0;5
314700;;;STARFRUIT;SEASHELLS;4949.0;1
314800;;;STARFRUIT;SEASHELLS;4949.0;1
314800;;;AMETHYSTS;SEASHELLS;10002.0;1
315000;;;STARFRUIT;SEASHELLS;4944.0;2
315000;;;AMETHYSTS;SEASHELLS;9996.0;2
315100;;;AMETHYSTS;SEASHELLS;9998.0;1
315100;;;STARFRUIT;SEASHELLS;4944.0;1
315500;;;STARFRUIT;SEASHELLS;4944.0;1
315600;;;AMETHYSTS;SEASHELLS;9998.0;1
316300;;;AMETHYSTS;SEASHELLS;10002.0;1
316300;;;STARFRUIT;SEASHELLS;4942.0;2
316500;;;AMETHYSTS;SEASHELLS;9998.0;1
316900;;;AMETHYSTS;SEASHELLS;10004.0;1
316900;;;STARFRUIT;SEASHELLS;4948.0;1
317000;;;STARFRUIT;SEASHELLS;4948.0;1
317200;;;STARFRUIT;SEASHELLS;4946.0;1
317500;;;STARFRUIT;SEASHELLS;4943.0;3
317600;;;STARFRUIT;SEASHELLS;4941.0;1
317600;;;STARFRUIT;SEASHELLS;4942.0;4
317700;;;AMETHYSTS;SEASHELLS;10002.0;1
317700;;;AMETHYSTS;SEASHELLS;10004.0;1
317700;;;AMETHYSTS;SEASHELLS;10004.0;5
318000;;;AMETHYSTS;SEASHELLS;9996.0;1
318000;;;AMETHYSTS;SEASHELLS;9996.0;8
318200;;;STARFRUIT;SEASHELLS;4946.0;1
318300;;;STARFRUIT;SEASHELLS;4942.0;1
318500;;;AMETHYSTS;SEASHELLS;9995.0;2
318500;;;STARFRUIT;SEASHELLS;4940.0;2
318600;;;AMETHYSTS;SEASHELLS;10005.0;8
318800;;;AMETHYSTS;SEASHELLS;9996.0;2
318800;;;STARFRUIT;SEASHELLS;4940.0;2
319000;;;STARFRUIT;SEASHELLS;4946.0;1
319000;;;AMETHYSTS;SEASHELLS;10004.0;1
319200;;;AMETHYSTS;SEASHELLS;9998.0;2
319200;;;STARFRUIT;SEASHELLS;4940.0;2
320100;;;STARFRUIT;SEASHELLS;4940.0;1
320200;;;AMETHYSTS;SEASHELLS;9998.0;1
320300;;;AMETHYSTS;SEASHELLS;9998.0;1
321000;;;STARFRUIT;SEASHELLS;4943.0;1
321800;;;AMETHYSTS;SEASHELLS;10002.0;1
322000;;;STARFRUIT;SEASHELLS;4942.0;1
322000;;;STARFRUIT;SEASHELLS;4942.0;11
322100;;;AMETHYSTS;SEASHELLS;9998.0;1
323100;;;STARFRUIT;SEASHELLS;4938.0;1
323300;;;STARFRUIT;SEASHELLS;4945.0;2
323300;;;AMETHYSTS;SEASHELLS;10005.0;2
323300;;;AMETHYSTS;SEASHELLS;9998.0;1
323400;;;STARFRUIT;SEASHELLS;4940.0;4
323600;;;STARFRUIT;SEASHELLS;4944.0;1
324500;;;AMETHYSTS;SEASHELLS;10002.0;2
324600;;;AMETHYSTS;SEASHELLS;9998.0;1
325000;;;AMETHYSTS;SEASHELLS;9998.0;1
325000;;;STARFRUIT;SEASHELLS;4944.0;1
325100;;;STARFRUIT;SEASHELLS;4939.0;1
325200;;;STARFRUIT;SEASHELLS;4944.0;1
325500;;;AMETHYSTS;SEASHELLS;10004.0;1
325500;;;STARFRUIT;SEASHELLS;4945.0;1
325700;;;AMETHYSTS;SEASHELLS;9998.0;1
326200;;;AMETHYSTS;SEASHELLS;10002.0;1
326200;;;STARFRUIT;SEASHELLS;4938.0;9
326400;;;STARFRUIT;SEASHELLS;4945.0;2
326400;;;AMETHYSTS;SEASHELLS;10005.0;2
326600;;;AMETHYSTS;SEASHELLS;9996.0;2
326600;;;AMETHYSTS;SEASHELLS;9996.0;6
326700;;;STARFRUIT;SEASHELLS;4939.0;2
326700;;;AMETHYSTS;SEASHELLS;9996.0;2
327100;;;AMETHYSTS;SEASHELLS;10002.0;4
327400;;;AMETHYSTS;SEASHELLS;10002.0;5
327500;;;STARFRUIT;SEASHELLS;4944.0;1
327600;;;AMETHYSTS;SEASHELLS;10002.0;1
327800;;;AMETHYSTS;SEASHELLS;10002.0;1
327800;;;STARFRUIT;SEASHELLS;4944.0;4
328100;;;STARFRUIT;SEASHELLS;4945.0;13
328200;;;AMETHYSTS;SEASHELLS;9998.0;1
328400;;;AMETHYSTS;SEASHELLS;10002.0;1
328700;;;STARFRUIT;SEASHELLS;4940.0;1
329100;;;STARFRUIT;SEASHELLS;4939.0;2
329200;;;STARFRUIT;SEASHELLS;4944.0;1
329400;;;STARFRUIT;SEASHELLS;4939.0;3
329400;;;AMETHYSTS;SEASHELLS;10002.0;2
329500;;;STARFRUIT;SEASHELLS;4942.0;1
329500;;;AMETHYSTS;SEASHELLS;10002.0;1
329800;;;AMETHYSTS;SEASHELLS;10002.0;1
329900;;;STARFRUIT;SEASHELLS;4937.0;1
330700;;;STARFRUIT;SEASHELLS;4935.0;1
331100;;;STARFRUIT;SEASHELLS;4936.0;1
331300;;;STARFRUIT;SEASHELLS;4934.0;1
331300;;;AMETHYSTS;SEASHELLS;9996.0;1
332000;;;STARFRUIT;SEASHELLS;4939.0;2
332100;;;STARFRUIT;SEASHELLS;4939.0;2
332100;;;AMETHYSTS;SEASHELLS;9998.0;3
332100;;;AMETHYSTS;SEASHELLS;9998.0;1
332600;;;STARFRUIT;SEASHELLS;4933.0;1
333200;;;AMETHYSTS;SEASHELLS;10002.0;2
333200;;;STARFRUIT;SEASHELLS;4933.0;1
333400;;;STARFRUIT;SEASHELLS;4939.0;1
333600;;;AMETHYSTS;SEASHELLS;10002.0;1
333600;;;STARFRUIT;SEASHELLS;4938.0;1
333700;;;STARFRUIT;SEASHELLS;4933.0;1
334000;;;STARFRUIT;SEASHELLS;4933.0;1
334300;;;AMETHYSTS;SEASHELLS;9995.0;2
334300;;;STARFRUIT;SEASHELLS;4932.0;2
334800;;;AMETHYSTS;SEASHELLS;9996.0;1
334800;;;AMETHYSTS;SEASHELLS;9996.0;5
334800;;;STARFRUIT;SEASHELLS;4934.0;4
335400;;;AMETHYSTS;SEASHELLS;9998.0;1
335700;;;STARFRUIT;SEASHELLS;4940.0;1
336100;;;STARFRUIT;SEASHELLS;4936.0;3
336500;;;AMETHYSTS;SEASHELLS;9998.0;2
336500;;;STARFRUIT;SEASHELLS;4936.0;2
336700;;;AMETHYSTS;SEASHELLS;9998.0;6
336800;;;STARFRUIT;SEASHELLS;4936.0;1
337000;;;STARFRUIT;SEASHELLS;4940.0;2
337100;;;STARFRUIT;SEASHELLS;4943.0;2
337100;;;AMETHYSTS;SEASHELLS;10005.0;2
337700;;;AMETHYSTS;SEASHELLS;10002.0;1
337900;;;AMETHYSTS;SEASHELLS;10002.0;1
338300;;;STARFRUIT;SEASHELLS;4938.0;9
338400;;;AMETHYSTS;SEASHELLS;10002.0;1
338500;;;STARFRUIT;SEASHELLS;4934.0;1
338900;;;STARFRUIT;SEASHELLS;4935.0;1
339800;;;STARFRUIT;SEASHELLS;4941.0;1
339800;;;AMETHYSTS;SEASHELLS;10004.0;1
340800;;;STARFRUIT;SEASHELLS;4943.0;9
340900;;;STARFRUIT;SEASHELLS;4936.0;8
341100;;;STARFRUIT;SEASHELLS;4937.0;1
341100;;;AMETHYSTS;SEASHELLS;10002.0;1
341200;;;AMETHYSTS;SEASHELLS;9995.0;11
341300;;;AMETHYSTS;SEASHELLS;10002.0;1
341500;;;AMETHYSTS;SEASHELLS;9998.0;1
341700;;;STARFRUIT;SEASHELLS;4936.0;1
341700;;;STARFRUIT;SEASHELLS;4941.0;1
341700;;;AMETHYSTS;SEASHELLS;9996.0;1
341800;;;AMETHYSTS;SEASHELLS;9998.0;1
341800;;;AMETHYSTS;SEASHELLS;9998.0;5
342000;;;STARFRUIT;SEASHELLS;4943.0;1
342600;;;AMETHYSTS;SEASHELLS;9995.0;3
342800;;;AMETHYSTS;SEASHELLS;10002.0;1
342900;;;AMETHYSTS;SEASHELLS;9998.0;1
343500;;;AMETHYSTS;SEASHELLS;9998.0;1
343500;;;STARFRUIT;SEASHELLS;4941.0;1
343900;;;STARFRUIT;SEASHELLS;4939.0;1
344300;;;AMETHYSTS;SEASHELLS;10002.0;2
344300;;;STARFRUIT;SEASHELLS;4940.0;2
344400;;;AMETHYSTS;SEASHELLS;9995.0;1
344400;;;STARFRUIT;SEASHELLS;4935.0;1
344600;;;AMETHYSTS;SEASHELLS;10002.0;4
344700;;;STARFRUIT;SEASHELLS;4937.0;1
344900;;;AMETHYSTS;SEASHELLS;10004.0;1
344900;;;STARFRUIT;SEASHELLS;4934.0;1
344900;;;STARFRUIT;SEASHELLS;4940.0;1
345000;;;AMETHYSTS;SEASHELLS;10002.0;1
345200;;;STARFRUIT;SEASHELLS;4935.0;1
345400;;;AMETHYSTS;SEASHELLS;9998.0;1
345600;;;STARFRUIT;SEASHELLS;4935.0;1
345700;;;AMETHYSTS;SEASHELLS;9998.0;1
346200;;;AMETHYSTS;SEASHELLS;10002.0;1
346500;;;STARFRUIT;SEASHELLS;4934.0;2
346600;;;AMETHYSTS;SEASHELLS;9998.0;4
346600;;;AMETHYSTS;SEASHELLS;9998.0;2
346600;;;STARFRUIT;SEASHELLS;4941.0;2
346800;;;AMETHYSTS;SEASHELLS;10002.0;1
346900;;;STARFRUIT;SEASHELLS;4935.0;1
347000;;;STARFRUIT;SEASHELLS;4935.0;11
347100;;;AMETHYSTS;SEASHELLS;10002.0;2
347100;;;STARFRUIT;SEASHELLS;4940.0;2
347100;;;STARFRUIT;SEASHELLS;4940.0;2
347300;;;STARFRUIT;SEASHELLS;4939.0;3
347400;;;AMETHYSTS;SEASHELLS;10002.0;1
347400;;;AMETHYSTS;SEASHELLS;9998.0;1
347400;;;AMETHYSTS;SEASHELLS;9998.0;5
347800;;;STARFRUIT;SEASHELLS;4939.0;1
348000;;;AMETHYSTS;SEASHELLS;10002.0;1
348400;;;STARFRUIT;SEASHELLS;4941.0;8
348500;;;AMETHYSTS;SEASHELLS;9996.0;1
348500;;;STARFRUIT;SEASHELLS;4934.0;2
349200;;;AMETHYSTS;SEASHELLS;9998.0;1
349500;;;STARFRUIT;SEASHELLS;4940.0;1
349900;;;AMETHYSTS;SEASHELLS;10004.0;6
349900;;;STARFRUIT;SEASHELLS;4940.0;1
349900;;;STARFRUIT;SEASHELLS;4942.0;12
349900;;;AMETHYSTS;SEASHELLS;10004.0;2
350000;;;STARFRUIT;SEASHELLS;4940.0;3
350200;;;AMETHYSTS;SEASHELLS;10002.0;1
350300;;;AMETHYSTS;SEASHELLS;10005.0;8
350500;;;STARFRUIT;SEASHELLS;4937.0;2
350600;;;STARFRUIT;SEASHELLS;4935.0;1
350600;;;AMETHYSTS;SEASHELLS;9996.0;1
350600;;;AMETHYSTS;SEASHELLS;9996.0;1
350600;;;STARFRUIT;SEASHELLS;4935.0;1
350700;;;STARFRUIT;SEASHELLS;4935.0;1
350700;;;AMETHYSTS;SEASHELLS;9995.0;1
350800;;;STARFRUIT;SEASHELLS;4935.0;1
350900;;;AMETHYSTS;SEASHELLS;9998.0;2
351100;;;AMETHYSTS;SEASHELLS;10002.0;1
351100;;;STARFRUIT;SEASHELLS;4940.0;7
351300;;;AMETHYSTS;SEASHELLS;10002.0;1
351400;;;AMETHYSTS;SEASHELLS;9995.0;2
351400;;;STARFRUIT;SEASHELLS;4935.0;2
351500;;;STARFRUIT;SEASHELLS;4940.0;1
351600;;;AMETHYSTS;SEASHELLS;9998.0;1
351600;;;AMETHYSTS;SEASHELLS;9998.0;3
351600;;;AMETHYSTS;SEASHELLS;10002.0;3
351700;;;STARFRUIT;SEASHELLS;4935.0;1
351900;;;STARFRUIT;SEASHELLS;4934.0;2
352000;;;STARFRUIT;SEASHELLS;4939.0;1
352000;;;STARFRUIT;SEASHELLS;4939.0;8
352000;;;STARFRUIT;SEASHELLS;4941.0;1
352000;;;AMETHYSTS;SEASHELLS;10002.0;1
352300;;;STARFRUIT;SEASHELLS;4935.0;1
352900;;;STARFRUIT;SEASHELLS;4940.0;1
353400;;;STARFRUIT;SEASHELLS;4939.0;1
353400;;;AMETHYSTS;SEASHELLS;10002.0;1
353500;;;STARFRUIT;SEASHELLS;4934.0;3
353900;;;STARFRUIT;SEASHELLS;4934.0;1
353900;;;AMETHYSTS;SEASHELLS;9995.0;1
354600;;;STARFRUIT;SEASHELLS;4940.0;7
354600;;;STARFRUIT;SEASHELLS;4940.0;1
354800;;;STARFRUIT;SEASHELLS;4934.0;4
354900;;;STARFRUIT;SEASHELLS;4932.0;2
354900;;;AMETHYSTS;SEASHELLS;9998.0;1
355100;;;STARFRUIT;SEASHELLS;4938.0;1
355200;;;AMETHYSTS;SEASHELLS;10002.0;2
355200;;;AMETHYSTS;SEASHELLS;10002.0;1
355400;;;STARFRUIT;SEASHELLS;4933.0;1
355400;;;AMETHYSTS;SEASHELLS;10004.0;1
355500;;;STARFRUIT;SEASHELLS;4933.0;1
355800;;;STARFRUIT;SEASHELLS;4936.0;4
355800;;;STARFRUIT;SEASHELLS;4936.0;1
356000;;;AMETHYSTS;SEASHELLS;10002.0;1
356100;;;STARFRUIT;SEASHELLS;4932.0;3
356500;;;STARFRUIT;SEASHELLS;4931.0;1
356700;;;STARFRUIT;SEASHELLS;4931.0;1
356800;;;AMETHYSTS;SEASHELLS;10005.0;7
356900;;;STARFRUIT;SEASHELLS;4932.0;16
357200;;;AMETHYSTS;SEASHELLS;10004.0;1
357200;;;STARFRUIT;SEASHELLS;4933.0;1
357200;;;STARFRUIT;SEASHELLS;4939.0;2
357200;;;AMETHYSTS;SEASHELLS;10004.0;1
357400;;;AMETHYSTS;SEASHELLS;10004.0;2
357400;;;STARFRUIT;SEASHELLS;4939.0;2
357500;;;STARFRUIT;SEASHELLS;4937.0;1
357500;;;AMETHYSTS;SEASHELLS;10002.0;1
357700;;;STARFRUIT;SEASHELLS;4933.0;1
358000;;;AMETHYSTS;SEASHELLS;9998.0;1
358400;;;STARFRUIT;SEASHELLS;4937.0;1
358500;;;STARFRUIT;SEASHELLS;4938.0;11
358700;;;STARFRUIT;SEASHELLS;4932.0;2
358700;;;STARFRUIT;SEASHELLS;4931.0;1
359000;;;AMETHYSTS;SEASHELLS;9998.0;1
359100;;;AMETHYSTS;SEASHELLS;10002.0;1
359100;;;STARFRUIT;SEASHELLS;4936.0;1
359200;;;STARFRUIT;SEASHELLS;4933.0;3
359200;;;STARFRUIT;SEASHELLS;4933.0;1
359800;;;STARFRUIT;SEASHELLS;4934.0;1
360100;;;STARFRUIT;SEASHELLS;4935.0;1
360200;;;STARFRUIT;SEASHELLS;4939.0;4
360300;;;AMETHYSTS;SEASHELLS;9996.0;1
360300;;;STARFRUIT;SEASHELLS;4935.0;1
360400;;;AMETHYSTS;SEASHELLS;10005.0;2
360400;;;STARFRUIT;SEASHELLS;4941.0;2
360900;;;AMETHYSTS;SEASHELLS;10002.0;1
360900;;;STARFRUIT;SEASHELLS;4935.0;2
361200;;;STARFRUIT;SEASHELLS;4937.0;2
361400;;;STARFRUIT;SEASHELLS;4942.0;1
361400;;;AMETHYSTS;SEASHELLS;10002.0;1
361500;;;AMETHYSTS;SEASHELLS;10002.0;3
361600;;;AMETHYSTS;SEASHELLS;9998.0;1
362300;;;STARFRUIT;SEASHELLS;4941.0;1
362600;;;STARFRUIT;SEASHELLS;4936.0;2
362800;;;AMETHYSTS;SEASHELLS;10002.0;7
363100;;;AMETHYSTS;SEASHELLS;10002.0;1
363200;;;STARFRUIT;SEASHELLS;4936.0;1
363400;;;STARFRUIT;SEASHELLS;4935.0;1
363700;;;AMETHYSTS;SEASHELLS;9998.0;1
363800;;;STARFRUIT;SEASHELLS;4935.0;1
363800;;;STARFRUIT;SEASHELLS;4938.0;2
363800;;;AMETHYSTS;SEASHELLS;10002.0;2
363800;;;STARFRUIT;SEASHELLS;4935.0;4
363900;;;STARFRUIT;SEASHELLS;4933.0;14
364300;;;STARFRUIT;SEASHELLS;4933.0;17
365100;;;AMETHYSTS;SEASHELLS;10005.0;6
365200;;;STARFRUIT;SEASHELLS;4938.0;7
365400;;;STARFRUIT;SEASHELLS;4933.0;1
366000;;;STARFRUIT;SEASHELLS;4937.0;1
366300;;;AMETHYSTS;SEASHELLS;10000.0;6
366500;;;STARFRUIT;SEASHELLS;4937.0;1
366700;;;STARFRUIT;SEASHELLS;4937.0;1
367600;;;AMETHYSTS;SEASHELLS;10002.0;2
367600;;;STARFRUIT;SEASHELLS;4937.0;2
367600;;;STARFRUIT;SEASHELLS;4932.0;11
368000;;;STARFRUIT;SEASHELLS;4932.0;1
368200;;;STARFRUIT;SEASHELLS;4939.0;1
368200;;;AMETHYSTS;SEASHELLS;10005.0;1
368300;;;STARFRUIT;SEASHELLS;4934.0;2
368400;;;STARFRUIT;SEASHELLS;4933.0;1
368700;;;AMETHYSTS;SEASHELLS;9998.0;1
368900;;;STARFRUIT;SEASHELLS;4933.0;1
368900;;;AMETHYSTS;SEASHELLS;9998.0;1
369200;;;STARFRUIT;SEASHELLS;4936.0;1
369300;;;STARFRUIT;SEASHELLS;4933.0;3
369800;;;AMETHYSTS;SEASHELLS;10002.0;3
370000;;;AMETHYSTS;SEASHELLS;10002.0;1
370100;;;AMETHYSTS;SEASHELLS;9998.0;1
370300;;;STARFRUIT;SEASHELLS;4931.0;1
371000;;;AMETHYSTS;SEASHELLS;9998.0;1
371200;;;STARFRUIT;SEASHELLS;4932.0;1
371300;;;STARFRUIT;SEASHELLS;4932.0;1
371400;;;AMETHYSTS;SEASHELLS;10005.0;9
371600;;;AMETHYSTS;SEASHELLS;10000.0;2
371600;;;STARFRUIT;SEASHELLS;4938.0;1
371900;;;STARFRUIT;SEASHELLS;4932.0;1
372300;;;STARFRUIT;SEASHELLS;4938.0;1
372500;;;AMETHYSTS;SEASHELLS;9998.0;1
372600;;;STARFRUIT;SEASHELLS;4934.0;1
372900;;;STARFRUIT;SEASHELLS;4934.0;3
373300;;;STARFRUIT;SEASHELLS;4933.0;1
373300;;;AMETHYSTS;SEASHELLS;9996.0;1
373600;;;AMETHYSTS;SEASHELLS;10002.0;1
374100;;;STARFRUIT;SEASHELLS;4938.0;2
374100;;;STARFRUIT;SEASHELLS;4936.0;1
374100;;;AMETHYSTS;SEASHELLS;10005.0;2
374200;;;STARFRUIT;SEASHELLS;4936.0;1
374700;;;AMETHYSTS;SEASHELLS;10002.0;2
374800;;;AMETHYSTS;SEASHELLS;9998.0;1
374900;;;AMETHYSTS;SEASHELLS;9996.0;2
374900;;;AMETHYSTS;SEASHELLS;9996.0;1
375300;;;STARFRUIT;SEASHELLS;4937.0;2
375300;;;AMETHYSTS;SEASHELLS;10005.0;2
375300;;;AMETHYSTS;SEASHELLS;10005.0;2
375900;;;AMETHYSTS;SEASHELLS;9996.0;1
375900;;;STARFRUIT;SEASHELLS;4933.0;1
376000;;;STARFRUIT;SEASHELLS;4930.0;2
376100;;;AMETHYSTS;SEASHELLS;9996.0;2
376300;;;STARFRUIT;SEASHELLS;4934.0;2
376300;;;STARFRUIT;SEASHELLS;4934.0;7
376500;;;STARFRUIT;SEASHELLS;4928.0;1
376700;;;AMETHYSTS;SEASHELLS;10002.0;1
376800;;;STARFRUIT;SEASHELLS;4926.0;19
377000;;;STARFRUIT;SEASHELLS;4932.0;1
377000;;;STARFRUIT;SEASHELLS;4933.0;5
377400;;;AMETHYSTS;SEASHELLS;9996.0;1
377400;;;AMETHYSTS;SEASHELLS;9996.0;1
377400;;;STARFRUIT;SEASHELLS;4927.0;2
377700;;;STARFRUIT;SEASHELLS;4928.0;1
377700;;;STARFRUIT;SEASHELLS;4928.0;12
377800;;;AMETHYSTS;SEASHELLS;9996.0;2
377800;;;STARFRUIT;SEASHELLS;4928.0;2
378000;;;STARFRUIT;SEASHELLS;4928.0;2
378200;;;AMETHYSTS;SEASHELLS;9998.0;1
378300;;;AMETHYSTS;SEASHELLS;9995.0;11
378700;;;AMETHYSTS;SEASHELLS;10002.0;1
378800;;;STARFRUIT;SEASHELLS;4926.0;1
379200;;;STARFRUIT;SEASHELLS;4927.0;1
379300;;;AMETHYSTS;SEASHELLS;9998.0;1
379700;;;AMETHYSTS;SEASHELLS;9998.0;1
379700;;;STARFRUIT;SEASHELLS;4930.0;1
380000;;;STARFRUIT;SEASHELLS;4926.0;1
380500;;;STARFRUIT;SEASHELLS;4932.0;1
381000;;;AMETHYSTS;SEASHELLS;10002.0;1
381000;;;STARFRUIT;SEASHELLS;4931.0;1
381300;;;AMETHYSTS;SEASHELLS;9998.0;5
381400;;;STARFRUIT;SEASHELLS;4931.0;1
381700;;;AMETHYSTS;SEASHELLS;9998.0;1
382100;;;AMETHYSTS;SEASHELLS;10002.0;2
383000;;;AMETHYSTS;SEASHELLS;9998.0;1
383200;;;STARFRUIT;SEASHELLS;4930.0;3
383200;;;AMETHYSTS;SEASHELLS;10005.0;3
383300;;;STARFRUIT;SEASHELLS;4923.0;1
383400;;;STARFRUIT;SEASHELLS;4922.0;1
383400;;;AMETHYSTS;SEASHELLS;9995.0;1
383800;;;STARFRUIT;SEASHELLS;4929.0;1
384100;;;STARFRUIT;SEASHELLS;4924.0;1
384300;;;AMETHYSTS;SEASHELLS;10002.0;1
384600;;;AMETHYSTS;SEASHELLS;9998.0;1
384600;;;AMETHYSTS;SEASHELLS;9998.0;3
384700;;;STARFRUIT;SEASHELLS;4930.0;2
384700;;;AMETHYSTS;SEASHELLS;10005.0;2
385000;;;STARFRUIT;SEASHELLS;4928.0;1
385900;;;STARFRUIT;SEASHELLS;4925.0;1
386000;;;STARFRUIT;SEASHELLS;4924.0;1
386100;;;AMETHYSTS;SEASHELLS;9998.0;9
386200;;;STARFRUIT;SEASHELLS;4924.0;1
386300;;;STARFRUIT;SEASHELLS;4931.0;7
386400;;;STARFRUIT;SEASHELLS;4931.0;2
386400;;;AMETHYSTS;SEASHELLS;10005.0;2
386500;;;STARFRUIT;SEASHELLS;4925.0;1
386800;;;STARFRUIT;SEASHELLS;4925.0;1
386900;;;STARFRUIT;SEASHELLS;4931.0;4
387000;;;AMETHYSTS;SEASHELLS;9998.0;1
387000;;;STARFRUIT;SEASHELLS;4930.0;1
387100;;;AMETHYSTS;SEASHELLS;10002.0;1
387900;;;STARFRUIT;SEASHELLS;4922.0;1
388000;;;AMETHYSTS;SEASHELLS;10002.0;1
389700;;;STARFRUIT;SEASHELLS;4926.0;5
390600;;;AMETHYSTS;SEASHELLS;10002.0;1
390800;;;STARFRUIT;SEASHELLS;4920.0;1
390800;;;AMETHYSTS;SEASHELLS;9995.0;1
390800;;;AMETHYSTS;SEASHELLS;9996.0;1
390900;;;STARFRUIT;SEASHELLS;4925.0;1
391900;;;STARFRUIT;SEASHELLS;4919.0;1
392400;;;STARFRUIT;SEASHELLS;4918.0;1
392900;;;AMETHYSTS;SEASHELLS;9996.0;1
392900;;;STARFRUIT;SEASHELLS;4916.0;1
393000;;;STARFRUIT;SEASHELLS;4917.0;1
393400;;;AMETHYSTS;SEASHELLS;9998.0;1
394100;;;STARFRUIT;SEASHELLS;4917.0;1
394200;;;STARFRUIT;SEASHELLS;4916.0;13
394600;;;STARFRUIT;SEASHELLS;4917.0;1
394700;;;STARFRUIT;SEASHELLS;4922.0;1
394800;;;STARFRUIT;SEASHELLS;4917.0;1
394800;;;AMETHYSTS;SEASHELLS;9996.0;1
394900;;;AMETHYSTS;SEASHELLS;9998.0;3
395100;;;AMETHYSTS;SEASHELLS;10002.0;1
395300;;;AMETHYSTS;SEASHELLS;10002.0;1
395400;;;AMETHYSTS;SEASHELLS;9996.0;1
395400;;;STARFRUIT;SEASHELLS;4921.0;1
395400;;;AMETHYSTS;SEASHELLS;9996.0;2
395700;;;AMETHYSTS;SEASHELLS;10000.0;2
395700;;;STARFRUIT;SEASHELLS;4915.0;2
395900;;;STARFRUIT;SEASHELLS;4919.0;2
395900;;;AMETHYSTS;SEASHELLS;9998.0;1
396000;;;STARFRUIT;SEASHELLS;4919.0;10
396000;;;STARFRUIT;SEASHELLS;4919.0;3
396200;;;AMETHYSTS;SEASHELLS;10004.0;1
396200;;;STARFRUIT;SEASHELLS;4922.0;1
396300;;;AMETHYSTS;SEASHELLS;10002.0;1
396300;;;STARFRUIT;SEASHELLS;4915.0;1
396500;;;AMETHYSTS;SEASHELLS;9995.0;2
396500;;;STARFRUIT;SEASHELLS;4915.0;2
396600;;;STARFRUIT;SEASHELLS;4916.0;1
397100;;;AMETHYSTS;SEASHELLS;9995.0;6
397500;;;STARFRUIT;SEASHELLS;4917.0;1
397900;;;AMETHYSTS;SEASHELLS;9995.0;2
397900;;;STARFRUIT;SEASHELLS;4918.0;2
398400;;;STARFRUIT;SEASHELLS;4924.0;1
398500;;;STARFRUIT;SEASHELLS;4920.0;1
398700;;;AMETHYSTS;SEASHELLS;9996.0;1
398700;;;STARFRUIT;SEASHELLS;4919.0;1
399100;;;AMETHYSTS;SEASHELLS;10002.0;1
399300;;;STARFRUIT;SEASHELLS;4922.0;1
399400;;;STARFRUIT;SEASHELLS;4922.0;2
399400;;;AMETHYSTS;SEASHELLS;9996.0;1
399400;;;AMETHYSTS;SEASHELLS;9996.0;1
400000;;;STARFRUIT;SEASHELLS;4922.0;4
400500;;;STARFRUIT;SEASHELLS;4928.0;1
401300;;;AMETHYSTS;SEASHELLS;9996.0;2
401300;;;STARFRUIT;SEASHELLS;4923.0;2
402300;;;STARFRUIT;SEASHELLS;4924.0;3
402400;;;STARFRUIT;SEASHELLS;4928.0;1
403000;;;STARFRUIT;SEASHELLS;4928.0;2
403100;;;AMETHYSTS;SEASHELLS;9995.0;1
403100;;;STARFRUIT;SEASHELLS;4921.0;1
403300;;;AMETHYSTS;SEASHELLS;10002.0;2
403300;;;STARFRUIT;SEASHELLS;4924.0;6
403400;;;STARFRUIT;SEASHELLS;4928.0;2
403400;;;AMETHYSTS;SEASHELLS;10004.0;2
403400;;;STARFRUIT;SEASHELLS;4928.0;3
403500;;;STARFRUIT;SEASHELLS;4928.0;2
403500;;;AMETHYSTS;SEASHELLS;10005.0;2
403700;;;STARFRUIT;SEASHELLS;4926.0;1
403700;;;AMETHYSTS;SEASHELLS;10002.0;1
403900;;;AMETHYSTS;SEASHELLS;9998.0;5
404100;;;AMETHYSTS;SEASHELLS;9998.0;1
404400;;;AMETHYSTS;SEASHELLS;9998.0;2
404600;;;STARFRUIT;SEASHELLS;4927.0;1
404600;;;AMETHYSTS;SEASHELLS;10002.0;1
404700;;;STARFRUIT;SEASHELLS;4923.0;1
404800;;;AMETHYSTS;SEASHELLS;9998.0;1
405100;;;STARFRUIT;SEASHELLS;4921.0;1
405300;;;STARFRUIT;SEASHELLS;4927.0;1
405400;;;AMETHYSTS;SEASHELLS;10002.0;1
405600;;;STARFRUIT;SEASHELLS;4921.0;1
405700;;;STARFRUIT;SEASHELLS;4921.0;1
405800;;;AMETHYSTS;SEASHELLS;10002.0;1
406100;;;STARFRUIT;SEASHELLS;4927.0;13
406300;;;AMETHYSTS;SEASHELLS;9998.0;4
407300;;;STARFRUIT;SEASHELLS;4920.0;1
407400;;;AMETHYSTS;SEASHELLS;9996.0;2
407800;;;STARFRUIT;SEASHELLS;4917.0;1
407900;;;STARFRUIT;SEASHELLS;4920.0;4
408000;;;AMETHYSTS;SEASHELLS;10002.0;3
408300;;;AMETHYSTS;SEASHELLS;10002.0;1
408700;;;STARFRUIT;SEASHELLS;4923.0;1
408800;;;STARFRUIT;SEASHELLS;4917.0;4
409100;;;AMETHYSTS;SEASHELLS;10002.0;1
409100;;;STARFRUIT;SEASHELLS;4924.0;5
409300;;;AMETHYSTS;SEASHELLS;10000.0;2
409300;;;STARFRUIT;SEASHELLS;4924.0;2
409500;;;AMETHYSTS;SEASHELLS;10004.0;1
410100;;;STARFRUIT;SEASHELLS;4924.0;4
410500;;;AMETHYSTS;SEASHELLS;9998.0;5
410700;;;STARFRUIT;SEASHELLS;4919.0;6
410800;;;STARFRUIT;SEASHELLS;4922.0;1
410900;;;AMETHYSTS;SEASHELLS;9996.0;6
410900;;;AMETHYSTS;SEASHELLS;9996.0;1
411000;;;AMETHYSTS;SEASHELLS;9996.0;1
411000;;;STARFRUIT;SEASHELLS;4917.0;1
411100;;;STARFRUIT;SEASHELLS;4917.0;1
411100;;;AMETHYSTS;SEASHELLS;10005.0;1
411400;;;STARFRUIT;SEASHELLS;4917.0;1
411500;;;AMETHYSTS;SEASHELLS;9998.0;1
411500;;;STARFRUIT;SEASHELLS;4917.0;1
411700;;;STARFRUIT;SEASHELLS;4917.0;1
411800;;;AMETHYSTS;SEASHELLS;9998.0;1
411800;;;STARFRUIT;SEASHELLS;4918.0;5
411900;;;STARFRUIT;SEASHELLS;4917.0;1
412000;;;STARFRUIT;SEASHELLS;4917.0;1
412200;;;STARFRUIT;SEASHELLS;4924.0;1
412200;;;AMETHYSTS;SEASHELLS;10004.0;1
412400;;;AMETHYSTS;SEASHELLS;9996.0;1
412400;;;STARFRUIT;SEASHELLS;4915.0;1
412800;;;AMETHYSTS;SEASHELLS;10005.0;5
412900;;;STARFRUIT;SEASHELLS;4921.0;5
413400;;;STARFRUIT;SEASHELLS;4917.0;11
413400;;;STARFRUIT;SEASHELLS;4924.0;1
413400;;;AMETHYSTS;SEASHELLS;10002.0;1
413400;;;STARFRUIT;SEASHELLS;4922.0;10
413800;;;STARFRUIT;SEASHELLS;4919.0;1
413800;;;STARFRUIT;SEASHELLS;4919.0;4
413900;;;STARFRUIT;SEASHELLS;4922.0;5
413900;;;AMETHYSTS;SEASHELLS;10002.0;1
414100;;;STARFRUIT;SEASHELLS;4925.0;4
414300;;;STARFRUIT;SEASHELLS;4918.0;11
414500;;;AMETHYSTS;SEASHELLS;10002.0;3
414800;;;AMETHYSTS;SEASHELLS;10002.0;1
414900;;;STARFRUIT;SEASHELLS;4919.0;2
415000;;;STARFRUIT;SEASHELLS;4919.0;2
415000;;;AMETHYSTS;SEASHELLS;9996.0;2
415100;;;STARFRUIT;SEASHELLS;4924.0;1
415300;;;AMETHYSTS;SEASHELLS;10002.0;1
415500;;;AMETHYSTS;SEASHELLS;10002.0;1
415500;;;STARFRUIT;SEASHELLS;4927.0;13
415600;;;STARFRUIT;SEASHELLS;4920.0;3
415600;;;STARFRUIT;SEASHELLS;4920.0;2
415800;;;STARFRUIT;SEASHELLS;4921.0;3
415800;;;STARFRUIT;SEASHELLS;4920.0;1
415900;;;AMETHYSTS;SEASHELLS;9998.0;1
416000;;;STARFRUIT;SEASHELLS;4920.0;1
416100;;;AMETHYSTS;SEASHELLS;10002.0;1
416100;;;AMETHYSTS;SEASHELLS;9996.0;6
416100;;;AMETHYSTS;SEASHELLS;9996.0;2
416600;;;AMETHYSTS;SEASHELLS;9998.0;1
416800;;;AMETHYSTS;SEASHELLS;10004.0;2
416800;;;AMETHYSTS;SEASHELLS;10004.0;7
417000;;;STARFRUIT;SEASHELLS;4925.0;1
417000;;;AMETHYSTS;SEASHELLS;10002.0;1
417200;;;STARFRUIT;SEASHELLS;4925.0;1
417700;;;STARFRUIT;SEASHELLS;4926.0;1
417700;;;AMETHYSTS;SEASHELLS;10002.0;2
418100;;;AMETHYSTS;SEASHELLS;10004.0;2
418100;;;AMETHYSTS;SEASHELLS;10004.0;9
418100;;;AMETHYSTS;SEASHELLS;10002.0;1
418400;;;AMETHYSTS;SEASHELLS;10004.0;1
418500;;;AMETHYSTS;SEASHELLS;10004.0;1
418500;;;AMETHYSTS;SEASHELLS;10004.0;3
418700;;;STARFRUIT;SEASHELLS;4927.0;1
419000;;;AMETHYSTS;SEASHELLS;10002.0;4
419000;;;AMETHYSTS;SEASHELLS;10002.0;2
419400;;;STARFRUIT;SEASHELLS;4924.0;1
419400;;;AMETHYSTS;SEASHELLS;9998.0;2
419500;;;STARFRUIT;SEASHELLS;4922.0;2
419500;;;AMETHYSTS;SEASHELLS;9996.0;2
420500;;;AMETHYSTS;SEASHELLS;9998.0;1
420700;;;STARFRUIT;SEASHELLS;4925.0;1
420800;;;STARFRUIT;SEASHELLS;4919.0;1
420800;;;AMETHYSTS;SEASHELLS;10004.0;2
420800;;;AMETHYSTS;SEASHELLS;10004.0;1
421000;;;STARFRUIT;SEASHELLS;4920.0;3
421000;;;STARFRUIT;SEASHELLS;4920.0;1
421200;;;AMETHYSTS;SEASHELLS;9998.0;1
421200;;;STARFRUIT;SEASHELLS;4919.0;1
421300;;;AMETHYSTS;SEASHELLS;9998.0;5
422200;;;AMETHYSTS;SEASHELLS;9998.0;2
422500;;;AMETHYSTS;SEASHELLS;9998.0;1
422700;;;AMETHYSTS;SEASHELLS;9995.0;1
422700;;;STARFRUIT;SEASHELLS;4917.0;1
423500;;;STARFRUIT;SEASHELLS;4915.0;2
423500;;;AMETHYSTS;SEASHELLS;9995.0;2
423500;;;STARFRUIT;SEASHELLS;4915.0;1
423900;;;AMETHYSTS;SEASHELLS;10002.0;1
424200;;;STARFRUIT;SEASHELLS;4913.0;1
424300;;;STARFRUIT;SEASHELLS;4918.0;1
424600;;;STARFRUIT;SEASHELLS;4913.0;11
424800;;;STARFRUIT;SEASHELLS;4913.0;1
425100;;;STARFRUIT;SEASHELLS;4912.0;2
425100;;;AMETHYSTS;SEASHELLS;9996.0;2
425400;;;AMETHYSTS;SEASHELLS;9996.0;2
425400;;;STARFRUIT;SEASHELLS;4913.0;2
425500;;;AMETHYSTS;SEASHELLS;10004.0;2
425500;;;STARFRUIT;SEASHELLS;4919.0;2
426000;;;AMETHYSTS;SEASHELLS;9998.0;1
426400;;;STARFRUIT;SEASHELLS;4916.0;1
427300;;;AMETHYSTS;SEASHELLS;10005.0;2
427300;;;STARFRUIT;SEASHELLS;4918.0;2
427600;;;STARFRUIT;SEASHELLS;4912.0;2
427600;;;AMETHYSTS;SEASHELLS;9998.0;2
428000;;;STARFRUIT;SEASHELLS;4911.0;2
428100;;;AMETHYSTS;SEASHELLS;9998.0;1
428700;;;AMETHYSTS;SEASHELLS;9995.0;9
428700;;;STARFRUIT;SEASHELLS;4915.0;2
428700;;;AMETHYSTS;SEASHELLS;10002.0;2
428800;;;STARFRUIT;SEASHELLS;4915.0;1
429000;;;AMETHYSTS;SEASHELLS;10002.0;5
429100;;;AMETHYSTS;SEASHELLS;9998.0;3
429200;;;AMETHYSTS;SEASHELLS;9998.0;3
429200;;;AMETHYSTS;SEASHELLS;9998.0;1
429300;;;STARFRUIT;SEASHELLS;4911.0;1
429600;;;AMETHYSTS;SEASHELLS;9998.0;1
429800;;;STARFRUIT;SEASHELLS;4916.0;1
429800;;;STARFRUIT;SEASHELLS;4917.0;1
430100;;;STARFRUIT;SEASHELLS;4917.0;1
430800;;;AMETHYSTS;SEASHELLS;9996.0;2
430800;;;STARFRUIT;SEASHELLS;4912.0;2
431500;;;STARFRUIT;SEASHELLS;4922.0;19
431700;;;AMETHYSTS;SEASHELLS;10002.0;1
431700;;;AMETHYSTS;SEASHELLS;10002.0;4
432100;;;STARFRUIT;SEASHELLS;4914.0;1
432400;;;STARFRUIT;SEASHELLS;4920.0;1
433200;;;AMETHYSTS;SEASHELLS;9998.0;3
433600;;;STARFRUIT;SEASHELLS;4915.0;1
433700;;;AMETHYSTS;SEASHELLS;10000.0;1
433700;;;STARFRUIT;SEASHELLS;4921.0;1
434000;;;STARFRUIT;SEASHELLS;4920.0;20
434000;;;STARFRUIT;SEASHELLS;4920.0;1
434000;;;AMETHYSTS;SEASHELLS;10004.0;1
434100;;;STARFRUIT;SEASHELLS;4914.0;4
435000;;;AMETHYSTS;SEASHELLS;10002.0;1
435000;;;STARFRUIT;SEASHELLS;4913.0;1
435000;;;AMETHYSTS;SEASHELLS;10002.0;1
435300;;;AMETHYSTS;SEASHELLS;9995.0;4
435300;;;STARFRUIT;SEASHELLS;4919.0;1
435300;;;AMETHYSTS;SEASHELLS;10005.0;1
435400;;;STARFRUIT;SEASHELLS;4917.0;3
435400;;;STARFRUIT;SEASHELLS;4917.0;11
435600;;;STARFRUIT;SEASHELLS;4912.0;2
435600;;;AMETHYSTS;SEASHELLS;9996.0;2
435700;;;AMETHYSTS;SEASHELLS;10002.0;4
435800;;;STARFRUIT;SEASHELLS;4918.0;1
436000;;;AMETHYSTS;SEASHELLS;9998.0;1
436100;;;AMETHYSTS;SEASHELLS;10002.0;2
436300;;;STARFRUIT;SEASHELLS;4916.0;4
436600;;;STARFRUIT;SEASHELLS;4915.0;1
436600;;;STARFRUIT;SEASHELLS;4915.0;1
436600;;;AMETHYSTS;SEASHELLS;9998.0;5
436700;;;AMETHYSTS;SEASHELLS;9998.0;4
436800;;;STARFRUIT;SEASHELLS;4917.0;11
436900;;;AMETHYSTS;SEASHELLS;9996.0;2
436900;;;AMETHYSTS;SEASHELLS;9996.0;2
437000;;;STARFRUIT;SEASHELLS;4911.0;9
437100;;;STARFRUIT;SEASHELLS;4911.0;1
437300;;;AMETHYSTS;SEASHELLS;9998.0;1
437400;;;AMETHYSTS;SEASHELLS;9998.0;1
437400;;;STARFRUIT;SEASHELLS;4917.0;2
437500;;;AMETHYSTS;SEASHELLS;9995.0;2
437500;;;STARFRUIT;SEASHELLS;4910.0;2
437600;;;AMETHYSTS;SEASHELLS;10002.0;2
437800;;;STARFRUIT;SEASHELLS;4912.0;1
437800;;;AMETHYSTS;SEASHELLS;10002.0;2
438000;;;STARFRUIT;SEASHELLS;4911.0;1
438100;;;STARFRUIT;SEASHELLS;4916.0;1
438400;;;AMETHYSTS;SEASHELLS;10002.0;1
438900;;;STARFRUIT;SEASHELLS;4917.0;1
439200;;;AMETHYSTS;SEASHELLS;10002.0;3
439700;;;AMETHYSTS;SEASHELLS;9998.0;1
439800;;;AMETHYSTS;SEASHELLS;9998.0;1
440000;;;AMETHYSTS;SEASHELLS;9998.0;1
440100;;;AMETHYSTS;SEASHELLS;9996.0;1
440100;;;AMETHYSTS;SEASHELLS;9996.0;11
440200;;;STARFRUIT;SEASHELLS;4913.0;1
440200;;;STARFRUIT;SEASHELLS;4912.0;1
440300;;;STARFRUIT;SEASHELLS;4918.0;14
440400;;;STARFRUIT;SEASHELLS;4916.0;1
440500;;;STARFRUIT;SEASHELLS;4913.0;1
440600;;;STARFRUIT;SEASHELLS;4912.0;13
440700;;;STARFRUIT;SEASHELLS;4918.0;1
442000;;;STARFRUIT;SEASHELLS;4917.0;1
442200;;;AMETHYSTS;SEASHELLS;10005.0;2
442200;;;STARFRUIT;SEASHELLS;4918.0;2
442700;;;AMETHYSTS;SEASHELLS;9998.0;1
443100;;;AMETHYSTS;SEASHELLS;10004.0;1
443200;;;STARFRUIT;SEASHELLS;4910.0;1
443200;;;STARFRUIT;SEASHELLS;4910.0;11
443300;;;AMETHYSTS;SEASHELLS;10002.0;1
443600;;;STARFRUIT;SEASHELLS;4916.0;1
443700;;;STARFRUIT;SEASHELLS;4911.0;1
443900;;;STARFRUIT;SEASHELLS;4914.0;1
443900;;;STARFRUIT;SEASHELLS;4914.0;4
444100;;;STARFRUIT;SEASHELLS;4911.0;1
444100;;;AMETHYSTS;SEASHELLS;10002.0;1
444200;;;AMETHYSTS;SEASHELLS;9995.0;2
444200;;;STARFRUIT;SEASHELLS;4910.0;2
444400;;;AMETHYSTS;SEASHELLS;9998.0;1
444800;;;STARFRUIT;SEASHELLS;4916.0;2
444800;;;AMETHYSTS;SEASHELLS;10002.0;8
444800;;;AMETHYSTS;SEASHELLS;10004.0;1
444800;;;AMETHYSTS;SEASHELLS;10004.0;1
444800;;;AMETHYSTS;SEASHELLS;10002.0;3
444800;;;STARFRUIT;SEASHELLS;4916.0;4
445000;;;STARFRUIT;SEASHELLS;4912.0;1
445000;;;AMETHYSTS;SEASHELLS;10004.0;1
445300;;;AMETHYSTS;SEASHELLS;9998.0;1
445300;;;STARFRUIT;SEASHELLS;4913.0;1
445600;;;AMETHYSTS;SEASHELLS;9995.0;2
445600;;;STARFRUIT;SEASHELLS;4912.0;2
445700;;;AMETHYSTS;SEASHELLS;9996.0;1
445700;;;STARFRUIT;SEASHELLS;4919.0;1
445700;;;AMETHYSTS;SEASHELLS;9996.0;1
445900;;;AMETHYSTS;SEASHELLS;10002.0;1
445900;;;AMETHYSTS;SEASHELLS;10002.0;9
446300;;;AMETHYSTS;SEASHELLS;9998.0;1
446500;;;STARFRUIT;SEASHELLS;4911.0;1
446700;;;STARFRUIT;SEASHELLS;4919.0;16
446800;;;AMETHYSTS;SEASHELLS;9998.0;4
446900;;;STARFRUIT;SEASHELLS;4912.0;2
447000;;;STARFRUIT;SEASHELLS;4916.0;2
447100;;;STARFRUIT;SEASHELLS;4912.0;1
447400;;;STARFRUIT;SEASHELLS;4912.0;1
447600;;;AMETHYSTS;SEASHELLS;9998.0;2
447600;;;STARFRUIT;SEASHELLS;4913.0;2
447900;;;STARFRUIT;SEASHELLS;4913.0;1
447900;;;STARFRUIT;SEASHELLS;4913.0;3
448500;;;AMETHYSTS;SEASHELLS;10005.0;5
448500;;;STARFRUIT;SEASHELLS;4912.0;15
448700;;;AMETHYSTS;SEASHELLS;9998.0;1
448800;;;STARFRUIT;SEASHELLS;4919.0;1
449000;;;STARFRUIT;SEASHELLS;4913.0;1
449100;;;STARFRUIT;SEASHELLS;4920.0;12
449300;;;STARFRUIT;SEASHELLS;4919.0;11
449600;;;STARFRUIT;SEASHELLS;4913.0;2
449600;;;AMETHYSTS;SEASHELLS;9998.0;2
450000;;;AMETHYSTS;SEASHELLS;9998.0;5
450800;;;STARFRUIT;SEASHELLS;4917.0;5
451200;;;STARFRUIT;SEASHELLS;4917.0;1
451300;;;AMETHYSTS;SEASHELLS;9998.0;3
452000;;;AMETHYSTS;SEASHELLS;10004.0;2
452100;;;STARFRUIT;SEASHELLS;4917.0;1
452100;;;AMETHYSTS;SEASHELLS;10004.0;1
452300;;;STARFRUIT;SEASHELLS;4916.0;1
452800;;;STARFRUIT;SEASHELLS;4910.0;1
453100;;;STARFRUIT;SEASHELLS;4910.0;3
453100;;;AMETHYSTS;SEASHELLS;9998.0;1
453200;;;AMETHYSTS;SEASHELLS;10002.0;1
453200;;;STARFRUIT;SEASHELLS;4915.0;14
453300;;;STARFRUIT;SEASHELLS;4908.0;2
453300;;;STARFRUIT;SEASHELLS;4907.0;1
453300;;;AMETHYSTS;SEASHELLS;9998.0;1
453300;;;STARFRUIT;SEASHELLS;4908.0;3
453500;;;AMETHYSTS;SEASHELLS;10002.0;1
453600;;;AMETHYSTS;SEASHELLS;9998.0;1
453700;;;STARFRUIT;SEASHELLS;4908.0;1
453800;;;STARFRUIT;SEASHELLS;4910.0;2
454600;;;AMETHYSTS;SEASHELLS;10002.0;1
454700;;;STARFRUIT;SEASHELLS;4915.0;3
455100;;;STARFRUIT;SEASHELLS;4914.0;1
455200;;;STARFRUIT;SEASHELLS;4911.0;5
455200;;;STARFRUIT;SEASHELLS;4911.0;1
455200;;;AMETHYSTS;SEASHELLS;10004.0;1
455300;;;STARFRUIT;SEASHELLS;4914.0;1
455400;;;AMETHYSTS;SEASHELLS;10002.0;4
455600;;;STARFRUIT;SEASHELLS;4910.0;4
455800;;;AMETHYSTS;SEASHELLS;10002.0;1
456900;;;STARFRUIT;SEASHELLS;4916.0;8
458200;;;AMETHYSTS;SEASHELLS;9996.0;1
458400;;;AMETHYSTS;SEASHELLS;10002.0;4
458600;;;AMETHYSTS;SEASHELLS;9998.0;1
458600;;;STARFRUIT;SEASHELLS;4911.0;1
459100;;;STARFRUIT;SEASHELLS;4910.0;1
459700;;;STARFRUIT;SEASHELLS;4916.0;1
460600;;;STARFRUIT;SEASHELLS;4915.0;1
461000;;;STARFRUIT;SEASHELLS;4910.0;1
461200;;;AMETHYSTS;SEASHELLS;10002.0;4
461300;;;STARFRUIT;SEASHELLS;4910.0;11
461600;;;AMETHYSTS;SEASHELLS;9998.0;1
461700;;;AMETHYSTS;SEASHELLS;9998.0;1
461800;;;AMETHYSTS;SEASHELLS;10004.0;1
462100;;;STARFRUIT;SEASHELLS;4911.0;20
462200;;;AMETHYSTS;SEASHELLS;10002.0;4
462400;;;AMETHYSTS;SEASHELLS;9996.0;1
462800;;;AMETHYSTS;SEASHELLS;9995.0;12
462900;;;STARFRUIT;SEASHELLS;4915.0;1
463100;;;AMETHYSTS;SEASHELLS;9996.0;1
463300;;;AMETHYSTS;SEASHELLS;9995.0;4
464000;;;STARFRUIT;SEASHELLS;4912.0;7
464000;;;STARFRUIT;SEASHELLS;4916.0;1
464300;;;STARFRUIT;SEASHELLS;4918.0;14
464400;;;AMETHYSTS;SEASHELLS;9998.0;1
464700;;;STARFRUIT;SEASHELLS;4911.0;1
464900;;;STARFRUIT;SEASHELLS;4912.0;1
464900;;;AMETHYSTS;SEASHELLS;9998.0;1
465300;;;AMETHYSTS;SEASHELLS;10005.0;9
465600;;;STARFRUIT;SEASHELLS;4911.0;1
465600;;;STARFRUIT;SEASHELLS;4912.0;3
465600;;;AMETHYSTS;SEASHELLS;9998.0;1
465600;;;STARFRUIT;SEASHELLS;4912.0;15
465900;;;STARFRUIT;SEASHELLS;4912.0;1
466200;;;AMETHYSTS;SEASHELLS;10005.0;2
466200;;;STARFRUIT;SEASHELLS;4919.0;2
466400;;;AMETHYSTS;SEASHELLS;10005.0;5
466500;;;AMETHYSTS;SEASHELLS;10004.0;2
466500;;;STARFRUIT;SEASHELLS;4915.0;4
466500;;;STARFRUIT;SEASHELLS;4915.0;1
466500;;;AMETHYSTS;SEASHELLS;10004.0;9
466600;;;AMETHYSTS;SEASHELLS;9998.0;1
466600;;;STARFRUIT;SEASHELLS;4911.0;5
466700;;;STARFRUIT;SEASHELLS;4911.0;1
466900;;;STARFRUIT;SEASHELLS;4918.0;1
466900;;;AMETHYSTS;SEASHELLS;10005.0;1
466900;;;AMETHYSTS;SEASHELLS;10002.0;1
467100;;;STARFRUIT;SEASHELLS;4912.0;1
467100;;;STARFRUIT;SEASHELLS;4912.0;1
467100;;;AMETHYSTS;SEASHELLS;9998.0;2
467200;;;STARFRUIT;SEASHELLS;4915.0;1
467400;;;STARFRUIT;SEASHELLS;4916.0;1
467500;;;STARFRUIT;SEASHELLS;4910.0;20
467600;;;AMETHYSTS;SEASHELLS;10004.0;1
467600;;;AMETHYSTS;SEASHELLS;10004.0;7
467800;;;STARFRUIT;SEASHELLS;4910.0;2
467800;;;STARFRUIT;SEASHELLS;4910.0;1
467900;;;STARFRUIT;SEASHELLS;4910.0;1
468400;;;STARFRUIT;SEASHELLS;4913.0;5
468700;;;STARFRUIT;SEASHELLS;4913.0;1
468800;;;STARFRUIT;SEASHELLS;4910.0;1
468900;;;AMETHYSTS;SEASHELLS;9995.0;6
469000;;;STARFRUIT;SEASHELLS;4909.0;1
469000;;;AMETHYSTS;SEASHELLS;9996.0;1
469100;;;STARFRUIT;SEASHELLS;4909.0;1
469500;;;STARFRUIT;SEASHELLS;4916.0;14
469600;;;STARFRUIT;SEASHELLS;4909.0;14
469600;;;AMETHYSTS;SEASHELLS;9998.0;1
469700;;;AMETHYSTS;SEASHELLS;9998.0;4
470100;;;STARFRUIT;SEASHELLS;4915.0;1
470300;;;STARFRUIT;SEASHELLS;4910.0;1
470500;;;STARFRUIT;SEASHELLS;4916.0;9
470800;;;STARFRUIT;SEASHELLS;4916.0;1
470800;;;AMETHYSTS;SEASHELLS;10002.0;2
470900;;;STARFRUIT;SEASHELLS;4916.0;1
471400;;;STARFRUIT;SEASHELLS;4911.0;1
471600;;;AMETHYSTS;SEASHELLS;10002.0;1
471900;;;STARFRUIT;SEASHELLS;4918.0;4
472100;;;AMETHYSTS;SEASHELLS;10002.0;3
472200;;;STARFRUIT;SEASHELLS;4911.0;1
472300;;;AMETHYSTS;SEASHELLS;10005.0;3
472400;;;STARFRUIT;SEASHELLS;4910.0;14
472500;;;AMETHYSTS;SEASHELLS;10002.0;1
472600;;;AMETHYSTS;SEASHELLS;9995.0;2
473000;;;AMETHYSTS;SEASHELLS;10002.0;1
473100;;;STARFRUIT;SEASHELLS;4908.0;2
473100;;;AMETHYSTS;SEASHELLS;9996.0;1
473300;;;STARFRUIT;SEASHELLS;4909.0;7
473500;;;STARFRUIT;SEASHELLS;4910.0;1
474500;;;AMETHYSTS;SEASHELLS;10002.0;1
474700;;;STARFRUIT;SEASHELLS;4910.0;1
474900;;;AMETHYSTS;SEASHELLS;9996.0;2
474900;;;AMETHYSTS;SEASHELLS;9996.0;5
474900;;;STARFRUIT;SEASHELLS;4916.0;1
475100;;;AMETHYSTS;SEASHELLS;9998.0;1
475100;;;STARFRUIT;SEASHELLS;4912.0;2
475100;;;STARFRUIT;SEASHELLS;4912.0;1
475500;;;STARFRUIT;SEASHELLS;4912.0;2
475500;;;AMETHYSTS;SEASHELLS;9996.0;2
476300;;;AMETHYSTS;SEASHELLS;9998.0;4
476700;;;STARFRUIT;SEASHELLS;4912.0;1
477000;;;STARFRUIT;SEASHELLS;4917.0;1
477300;;;STARFRUIT;SEASHELLS;4916.0;13
477800;;;STARFRUIT;SEASHELLS;4912.0;1
478400;;;AMETHYSTS;SEASHELLS;9995.0;11
478500;;;STARFRUIT;SEASHELLS;4913.0;2
478600;;;AMETHYSTS;SEASHELLS;10004.0;2
478600;;;STARFRUIT;SEASHELLS;4917.0;2
478700;;;AMETHYSTS;SEASHELLS;9996.0;2
478700;;;AMETHYSTS;SEASHELLS;9996.0;7
478900;;;AMETHYSTS;SEASHELLS;9995.0;1
478900;;;STARFRUIT;SEASHELLS;4911.0;10
478900;;;STARFRUIT;SEASHELLS;4911.0;1
479200;;;STARFRUIT;SEASHELLS;4913.0;2
479200;;;AMETHYSTS;SEASHELLS;10002.0;1
479500;;;STARFRUIT;SEASHELLS;4918.0;1
479500;;;AMETHYSTS;SEASHELLS;10002.0;1
479600;;;STARFRUIT;SEASHELLS;4913.0;1
479600;;;AMETHYSTS;SEASHELLS;9995.0;1
480200;;;AMETHYSTS;SEASHELLS;9998.0;1
480600;;;STARFRUIT;SEASHELLS;4912.0;20
480900;;;STARFRUIT;SEASHELLS;4919.0;1
480900;;;AMETHYSTS;SEASHELLS;10004.0;1
481000;;;AMETHYSTS;SEASHELLS;10000.0;6
481600;;;STARFRUIT;SEASHELLS;4918.0;1
481800;;;STARFRUIT;SEASHELLS;4913.0;1
482100;;;AMETHYSTS;SEASHELLS;9996.0;1
482300;;;STARFRUIT;SEASHELLS;4914.0;19
482500;;;STARFRUIT;SEASHELLS;4914.0;1
482900;;;STARFRUIT;SEASHELLS;4912.0;1
483200;;;STARFRUIT;SEASHELLS;4917.0;1
483700;;;STARFRUIT;SEASHELLS;4911.0;1
483700;;;STARFRUIT;SEASHELLS;4912.0;9
483700;;;AMETHYSTS;SEASHELLS;9998.0;1
484000;;;AMETHYSTS;SEASHELLS;9995.0;7
484400;;;STARFRUIT;SEASHELLS;4917.0;1
484500;;;STARFRUIT;SEASHELLS;4912.0;1
484600;;;AMETHYSTS;SEASHELLS;10002.0;6
485300;;;STARFRUIT;SEASHELLS;4916.0;7
485800;;;AMETHYSTS;SEASHELLS;9998.0;2
485800;;;STARFRUIT;SEASHELLS;4912.0;2
486300;;;STARFRUIT;SEASHELLS;4915.0;1
486300;;;AMETHYSTS;SEASHELLS;10002.0;1
486500;;;STARFRUIT;SEASHELLS;4910.0;1
486600;;;STARFRUIT;SEASHELLS;4915.0;1
487100;;;AMETHYSTS;SEASHELLS;10002.0;5
487400;;;AMETHYSTS;SEASHELLS;10004.0;10
487400;;;AMETHYSTS;SEASHELLS;10004.0;1
487600;;;AMETHYSTS;SEASHELLS;9998.0;3
487700;;;STARFRUIT;SEASHELLS;4914.0;1
487700;;;AMETHYSTS;SEASHELLS;9996.0;1
487800;;;STARFRUIT;SEASHELLS;4914.0;1
487800;;;AMETHYSTS;SEASHELLS;10002.0;1
488100;;;AMETHYSTS;SEASHELLS;9998.0;9
488800;;;AMETHYSTS;SEASHELLS;9998.0;3
489800;;;AMETHYSTS;SEASHELLS;10002.0;1
489900;;;STARFRUIT;SEASHELLS;4910.0;1
490000;;;AMETHYSTS;SEASHELLS;9996.0;1
490000;;;STARFRUIT;SEASHELLS;4909.0;1
490200;;;AMETHYSTS;SEASHELLS;9998.0;1
490500;;;STARFRUIT;SEASHELLS;4914.0;1
490600;;;AMETHYSTS;SEASHELLS;10002.0;1
490800;;;AMETHYSTS;SEASHELLS;10005.0;3
490800;;;STARFRUIT;SEASHELLS;4910.0;4
491000;;;AMETHYSTS;SEASHELLS;10005.0;2
491000;;;STARFRUIT;SEASHELLS;4918.0;2
491000;;;STARFRUIT;SEASHELLS;4911.0;3
491100;;;STARFRUIT;SEASHELLS;4913.0;3
491200;;;STARFRUIT;SEASHELLS;4916.0;2
491200;;;AMETHYSTS;SEASHELLS;10002.0;2
491400;;;AMETHYSTS;SEASHELLS;9998.0;1
491600;;;AMETHYSTS;SEASHELLS;9996.0;1
491600;;;STARFRUIT;SEASHELLS;4911.0;2
491600;;;STARFRUIT;SEASHELLS;4911.0;1
492100;;;STARFRUIT;SEASHELLS;4913.0;1
492800;;;STARFRUIT;SEASHELLS;4910.0;1
493100;;;STARFRUIT;SEASHELLS;4909.0;2
493100;;;AMETHYSTS;SEASHELLS;9996.0;2
493600;;;AMETHYSTS;SEASHELLS;9998.0;1
493600;;;AMETHYSTS;SEASHELLS;9998.0;4
493700;;;STARFRUIT;SEASHELLS;4909.0;1
493900;;;STARFRUIT;SEASHELLS;4910.0;3
494000;;;STARFRUIT;SEASHELLS;4910.0;1
494000;;;STARFRUIT;SEASHELLS;4910.0;1
494300;;;AMETHYSTS;SEASHELLS;9998.0;1
494500;;;AMETHYSTS;SEASHELLS;9998.0;1
494900;;;AMETHYSTS;SEASHELLS;10002.0;1
495000;;;AMETHYSTS;SEASHELLS;10002.0;1
495200;;;STARFRUIT;SEASHELLS;4910.0;3
495900;;;STARFRUIT;SEASHELLS;4914.0;1
496300;;;AMETHYSTS;SEASHELLS;9998.0;2
496300;;;STARFRUIT;SEASHELLS;4915.0;2
496300;;;STARFRUIT;SEASHELLS;4909.0;1
496300;;;AMETHYSTS;SEASHELLS;10004.0;2
496800;;;STARFRUIT;SEASHELLS;4915.0;4
497100;;;STARFRUIT;SEASHELLS;4909.0;2
497100;;;AMETHYSTS;SEASHELLS;9998.0;2
497200;;;AMETHYSTS;SEASHELLS;9996.0;1
497200;;;STARFRUIT;SEASHELLS;4914.0;1
497300;;;STARFRUIT;SEASHELLS;4910.0;5
