timestamp;buyer;seller;symbol;currency;price;quantity
0;;;STARFRUIT;SEASHELLS;5003.0;1
0;;;AMETHYSTS;SEASHELLS;9996.0;1
0;;;AMETHYSTS;SEASHELLS;9996.0;1
1100;;;STARFRUIT;SEASHELLS;4998.0;1
1300;;;STARFRUIT;SEASHELLS;5000.0;4
1300;;;STARFRUIT;SEASHELLS;5000.0;3
1400;;;STARFRUIT;SEASHELLS;4997.0;10
1500;;;STARFRUIT;SEASHELLS;5004.0;1
1500;;;AMETHYSTS;SEASHELLS;10004.0;1
1800;;;STARFRUIT;SEASHELLS;5003.0;1
2000;;;STARFRUIT;SEASHELLS;5002.0;1
2500;;;AMETHYSTS;SEASHELLS;9998.0;1
3200;;;STARFRUIT;SEASHELLS;4996.0;1
3200;;;AMETHYSTS;SEASHELLS;9996.0;1
3300;;;AMETHYSTS;SEASHELLS;9995.0;2
3300;;;STARFRUIT;SEASHELLS;4996.0;2
3600;;;AMETHYSTS;SEASHELLS;10005.0;6
3900;;;STARFRUIT;SEASHELLS;5002.0;1
4000;;;AMETHYSTS;SEASHELLS;9998.0;1
4200;;;STARFRUIT;SEASHELLS;4996.0;1
4200;;;AMETHYSTS;SEASHELLS;10004.0;2
4200;;;AMETHYSTS;SEASHELLS;10004.0;1
6400;;;STARFRUIT;SEASHELLS;4995.0;1
6600;;;STARFRUIT;SEASHELLS;4995.0;1
6700;;;AMETHYSTS;SEASHELLS;9998.0;2
6700;;;STARFRUIT;SEASHELLS;4996.0;2
6900;;;STARFRUIT;SEASHELLS;4999.0;1
6900;;;STARFRUIT;SEASHELLS;4999.0;1
7300;;;STARFRUIT;SEASHELLS;4995.0;1
7400;;;STARFRUIT;SEASHELLS;5000.0;1
7400;;;STARFRUIT;SEASHELLS;4996.0;1
7400;;;AMETHYSTS;SEASHELLS;10002.0;1
7500;;;AMETHYSTS;SEASHELLS;10002.0;1
8200;;;STARFRUIT;SEASHELLS;5000.0;1
8600;;;STARFRUIT;SEASHELLS;4999.0;1
8600;;;AMETHYSTS;SEASHELLS;10002.0;1
8700;;;AMETHYSTS;SEASHELLS;10002.0;2
8700;;;STARFRUIT;SEASHELLS;4999.0;2
8800;;;AMETHYSTS;SEASHELLS;10002.0;1
8800;;;STARFRUIT;SEASHELLS;4999.0;1
9600;;;AMETHYSTS;SEASHELLS;10000.0;3
10100;;;AMETHYSTS;SEASHELLS;9998.0;1
10200;;;AMETHYSTS;SEASHELLS;9996.0;1
10200;;;STARFRUIT;SEASHELLS;4994.0;1
10500;;;STARFRUIT;SEASHELLS;4999.0;5
11100;;;STARFRUIT;SEASHELLS;5001.0;2
11100;;;AMETHYSTS;SEASHELLS;10005.0;2
11300;;;STARFRUIT;SEASHELLS;4994.0;1
11400;;;STARFRUIT;SEASHELLS;4995.0;1
12800;;;STARFRUIT;SEASHELLS;4994.0;13
12900;;;STARFRUIT;SEASHELLS;4999.0;1
13000;;;AMETHYSTS;SEASHELLS;9998.0;1
13500;;;STARFRUIT;SEASHELLS;4993.0;1
13600;;;AMETHYSTS;SEASHELLS;9998.0;1
13900;;;STARFRUIT;SEASHELLS;4992.0;2
13900;;;AMETHYSTS;SEASHELLS;9996.0;1
13900;;;AMETHYSTS;SEASHELLS;9996.0;1
14000;;;AMETHYSTS;SEASHELLS;10005.0;7
14300;;;STARFRUIT;SEASHELLS;4992.0;1
15000;;;STARFRUIT;SEASHELLS;4992.0;1
15100;;;AMETHYSTS;SEASHELLS;10005.0;4
15400;;;AMETHYSTS;SEASHELLS;10002.0;5
15800;;;STARFRUIT;SEASHELLS;4996.0;8
15800;;;STARFRUIT;SEASHELLS;4996.0;2
16500;;;STARFRUIT;SEASHELLS;4995.0;9
16500;;;STARFRUIT;SEASHELLS;4995.0;5
16700;;;STARFRUIT;SEASHELLS;4994.0;4
16800;;;STARFRUIT;SEASHELLS;4999.0;2
17300;;;AMETHYSTS;SEASHELLS;10002.0;1
17800;;;STARFRUIT;SEASHELLS;4995.0;5
18100;;;STARFRUIT;SEASHELLS;4992.0;1
18200;;;STARFRUIT;SEASHELLS;4994.0;5
18200;;;AMETHYSTS;SEASHELLS;9998.0;1
18300;;;AMETHYSTS;SEASHELLS;10005.0;2
18300;;;AMETHYSTS;SEASHELLS;9998.0;1
18300;;;STARFRUIT;SEASHELLS;4998.0;2
18500;;;AMETHYSTS;SEASHELLS;10005.0;5
18600;;;STARFRUIT;SEASHELLS;4993.0;1
19200;;;STARFRUIT;SEASHELLS;4992.0;1
19400;;;STARFRUIT;SEASHELLS;4991.0;1
19500;;;AMETHYSTS;SEASHELLS;10002.0;1
19600;;;STARFRUIT;SEASHELLS;4995.0;1
19600;;;AMETHYSTS;SEASHELLS;10002.0;1
19900;;;AMETHYSTS;SEASHELLS;10002.0;1
20200;;;AMETHYSTS;SEASHELLS;10002.0;1
20300;;;STARFRUIT;SEASHELLS;4998.0;1
20300;;;STARFRUIT;SEASHELLS;4997.0;1
20300;;;STARFRUIT;SEASHELLS;4998.0;5
20300;;;STARFRUIT;SEASHELLS;4996.0;5
20400;;;STARFRUIT;SEASHELLS;4992.0;2
20600;;;AMETHYSTS;SEASHELLS;9998.0;1
20600;;;AMETHYSTS;SEASHELLS;9995.0;9
20900;;;STARFRUIT;SEASHELLS;4998.0;1
20900;;;AMETHYSTS;SEASHELLS;9998.0;1
21300;;;STARFRUIT;SEASHELLS;4996.0;1
21300;;;AMETHYSTS;SEASHELLS;10002.0;1
22300;;;STARFRUIT;SEASHELLS;4990.0;1
22700;;;AMETHYSTS;SEASHELLS;9998.0;1
23000;;;AMETHYSTS;SEASHELLS;9998.0;4
23100;;;STARFRUIT;SEASHELLS;4990.0;1
23300;;;AMETHYSTS;SEASHELLS;9998.0;2
23900;;;AMETHYSTS;SEASHELLS;9998.0;3
23900;;;AMETHYSTS;SEASHELLS;9995.0;8
24300;;;AMETHYSTS;SEASHELLS;10002.0;1
24500;;;STARFRUIT;SEASHELLS;4993.0;1
24600;;;STARFRUIT;SEASHELLS;4994.0;16
24600;;;AMETHYSTS;SEASHELLS;9996.0;2
24600;;;AMETHYSTS;SEASHELLS;9996.0;2
25100;;;STARFRUIT;SEASHELLS;4992.0;1
25100;;;AMETHYSTS;SEASHELLS;10002.0;1
25600;;;AMETHYSTS;SEASHELLS;10004.0;2
25600;;;STARFRUIT;SEASHELLS;4993.0;2
25700;;;AMETHYSTS;SEASHELLS;10002.0;8
25700;;;AMETHYSTS;SEASHELLS;10002.0;3
26300;;;STARFRUIT;SEASHELLS;4986.0;1
26400;;;STARFRUIT;SEASHELLS;4985.0;1
26400;;;AMETHYSTS;SEASHELLS;10005.0;9
26600;;;STARFRUIT;SEASHELLS;4991.0;15
26700;;;STARFRUIT;SEASHELLS;4990.0;1
27000;;;AMETHYSTS;SEASHELLS;10002.0;1
27200;;;STARFRUIT;SEASHELLS;4985.0;1
27700;;;AMETHYSTS;SEASHELLS;9998.0;1
27700;;;AMETHYSTS;SEASHELLS;9998.0;3
27900;;;AMETHYSTS;SEASHELLS;10002.0;4
28000;;;AMETHYSTS;SEASHELLS;10005.0;1
28000;;;STARFRUIT;SEASHELLS;4991.0;1
28300;;;STARFRUIT;SEASHELLS;4985.0;12
28300;;;AMETHYSTS;SEASHELLS;9998.0;1
28300;;;STARFRUIT;SEASHELLS;4985.0;1
28300;;;AMETHYSTS;SEASHELLS;9998.0;2
28300;;;STARFRUIT;SEASHELLS;4985.0;2
28500;;;STARFRUIT;SEASHELLS;4985.0;3
28600;;;STARFRUIT;SEASHELLS;4989.0;1
28600;;;STARFRUIT;SEASHELLS;4989.0;2
28600;;;AMETHYSTS;SEASHELLS;9998.0;1
29400;;;AMETHYSTS;SEASHELLS;10005.0;2
29400;;;STARFRUIT;SEASHELLS;4990.0;2
29500;;;AMETHYSTS;SEASHELLS;9998.0;3
29500;;;AMETHYSTS;SEASHELLS;9998.0;2
29900;;;STARFRUIT;SEASHELLS;4989.0;5
29900;;;STARFRUIT;SEASHELLS;4990.0;1
30300;;;STARFRUIT;SEASHELLS;4989.0;1
30400;;;STARFRUIT;SEASHELLS;4984.0;1
30400;;;AMETHYSTS;SEASHELLS;10004.0;1
30400;;;AMETHYSTS;SEASHELLS;10004.0;6
30900;;;STARFRUIT;SEASHELLS;4984.0;1
31000;;;AMETHYSTS;SEASHELLS;9996.0;1
31000;;;STARFRUIT;SEASHELLS;4984.0;1
31200;;;STARFRUIT;SEASHELLS;4985.0;1
31300;;;AMETHYSTS;SEASHELLS;9998.0;1
31300;;;STARFRUIT;SEASHELLS;4990.0;1
31600;;;AMETHYSTS;SEASHELLS;10002.0;3
31800;;;AMETHYSTS;SEASHELLS;10002.0;1
32100;;;AMETHYSTS;SEASHELLS;10002.0;4
32500;;;AMETHYSTS;SEASHELLS;10002.0;1
32700;;;STARFRUIT;SEASHELLS;4987.0;1
32800;;;AMETHYSTS;SEASHELLS;9996.0;2
32800;;;AMETHYSTS;SEASHELLS;9995.0;2
32800;;;STARFRUIT;SEASHELLS;4982.0;2
33100;;;STARFRUIT;SEASHELLS;4987.0;8
33100;;;STARFRUIT;SEASHELLS;4987.0;5
33200;;;STARFRUIT;SEASHELLS;4983.0;1
33300;;;STARFRUIT;SEASHELLS;4988.0;1
33500;;;AMETHYSTS;SEASHELLS;10002.0;3
33800;;;STARFRUIT;SEASHELLS;4983.0;2
33900;;;STARFRUIT;SEASHELLS;4987.0;1
34000;;;STARFRUIT;SEASHELLS;4988.0;1
34000;;;AMETHYSTS;SEASHELLS;9998.0;1
34100;;;AMETHYSTS;SEASHELLS;10002.0;1
34900;;;STARFRUIT;SEASHELLS;4981.0;1
35300;;;STARFRUIT;SEASHELLS;4981.0;1
35600;;;AMETHYSTS;SEASHELLS;10002.0;1
35700;;;STARFRUIT;SEASHELLS;4982.0;14
35700;;;STARFRUIT;SEASHELLS;4982.0;1
36300;;;STARFRUIT;SEASHELLS;4989.0;1
36300;;;AMETHYSTS;SEASHELLS;10005.0;1
36500;;;AMETHYSTS;SEASHELLS;10005.0;4
36800;;;STARFRUIT;SEASHELLS;4982.0;1
37300;;;STARFRUIT;SEASHELLS;4983.0;1
37400;;;AMETHYSTS;SEASHELLS;10002.0;1
37400;;;STARFRUIT;SEASHELLS;4984.0;2
37900;;;AMETHYSTS;SEASHELLS;9995.0;4
38300;;;STARFRUIT;SEASHELLS;4990.0;13
38400;;;AMETHYSTS;SEASHELLS;10004.0;2
38500;;;AMETHYSTS;SEASHELLS;10002.0;6
38500;;;STARFRUIT;SEASHELLS;4989.0;1
38900;;;STARFRUIT;SEASHELLS;4984.0;1
38900;;;STARFRUIT;SEASHELLS;4984.0;2
38900;;;AMETHYSTS;SEASHELLS;9995.0;2
39100;;;AMETHYSTS;SEASHELLS;10002.0;5
39300;;;AMETHYSTS;SEASHELLS;9996.0;1
39300;;;STARFRUIT;SEASHELLS;4984.0;1
39400;;;STARFRUIT;SEASHELLS;4984.0;1
39500;;;STARFRUIT;SEASHELLS;4989.0;1
40500;;;STARFRUIT;SEASHELLS;4983.0;1
40600;;;STARFRUIT;SEASHELLS;4983.0;1
41100;;;STARFRUIT;SEASHELLS;4983.0;1
41500;;;AMETHYSTS;SEASHELLS;10002.0;1
41500;;;AMETHYSTS;SEASHELLS;10000.0;2
41600;;;STARFRUIT;SEASHELLS;4982.0;1
41600;;;AMETHYSTS;SEASHELLS;9995.0;1
42300;;;STARFRUIT;SEASHELLS;4987.0;7
42900;;;STARFRUIT;SEASHELLS;4988.0;1
42900;;;AMETHYSTS;SEASHELLS;10002.0;1
43100;;;STARFRUIT;SEASHELLS;4990.0;2
43100;;;AMETHYSTS;SEASHELLS;10005.0;2
43400;;;AMETHYSTS;SEASHELLS;10002.0;1
43500;;;STARFRUIT;SEASHELLS;4984.0;1
43700;;;AMETHYSTS;SEASHELLS;9998.0;1
43900;;;AMETHYSTS;SEASHELLS;10004.0;2
43900;;;STARFRUIT;SEASHELLS;4984.0;1
43900;;;STARFRUIT;SEASHELLS;4990.0;2
44000;;;AMETHYSTS;SEASHELLS;9998.0;1
44700;;;STARFRUIT;SEASHELLS;4989.0;1
44800;;;AMETHYSTS;SEASHELLS;9996.0;1
45100;;;AMETHYSTS;SEASHELLS;9996.0;1
45100;;;STARFRUIT;SEASHELLS;4986.0;1
45600;;;STARFRUIT;SEASHELLS;4990.0;8
45800;;;AMETHYSTS;SEASHELLS;9996.0;10
45800;;;STARFRUIT;SEASHELLS;4987.0;1
45800;;;AMETHYSTS;SEASHELLS;9996.0;1
45900;;;STARFRUIT;SEASHELLS;4991.0;8
45900;;;STARFRUIT;SEASHELLS;4991.0;4
46200;;;AMETHYSTS;SEASHELLS;9998.0;1
46300;;;AMETHYSTS;SEASHELLS;9995.0;1
46300;;;STARFRUIT;SEASHELLS;4987.0;1
46800;;;AMETHYSTS;SEASHELLS;9996.0;1
46800;;;STARFRUIT;SEASHELLS;4988.0;2
46800;;;STARFRUIT;SEASHELLS;4988.0;1
47200;;;STARFRUIT;SEASHELLS;4993.0;1
47300;;;STARFRUIT;SEASHELLS;4988.0;2
47400;;;STARFRUIT;SEASHELLS;4987.0;1
47700;;;STARFRUIT;SEASHELLS;4988.0;1
48200;;;STARFRUIT;SEASHELLS;4990.0;5
48300;;;AMETHYSTS;SEASHELLS;9995.0;1
48300;;;STARFRUIT;SEASHELLS;4991.0;1
48600;;;AMETHYSTS;SEASHELLS;10004.0;1
48600;;;STARFRUIT;SEASHELLS;4992.0;1
48600;;;STARFRUIT;SEASHELLS;4989.0;1
48900;;;STARFRUIT;SEASHELLS;4990.0;1
49300;;;STARFRUIT;SEASHELLS;4996.0;1
49300;;;AMETHYSTS;SEASHELLS;10005.0;1
49400;;;STARFRUIT;SEASHELLS;4990.0;1
49700;;;AMETHYSTS;SEASHELLS;9995.0;2
49700;;;STARFRUIT;SEASHELLS;4990.0;2
49900;;;STARFRUIT;SEASHELLS;4989.0;1
50200;;;AMETHYSTS;SEASHELLS;9996.0;1
50200;;;STARFRUIT;SEASHELLS;4990.0;1
50300;;;STARFRUIT;SEASHELLS;4989.0;1
50400;;;STARFRUIT;SEASHELLS;4989.0;2
50400;;;AMETHYSTS;SEASHELLS;9996.0;2
50900;;;AMETHYSTS;SEASHELLS;9996.0;2
51000;;;STARFRUIT;SEASHELLS;4989.0;1
51000;;;AMETHYSTS;SEASHELLS;9998.0;1
51300;;;STARFRUIT;SEASHELLS;4994.0;1
51500;;;STARFRUIT;SEASHELLS;4988.0;13
51600;;;STARFRUIT;SEASHELLS;4993.0;1
51600;;;AMETHYSTS;SEASHELLS;10002.0;1
51900;;;AMETHYSTS;SEASHELLS;10002.0;2
52000;;;AMETHYSTS;SEASHELLS;9998.0;2
52200;;;STARFRUIT;SEASHELLS;4989.0;1
52300;;;STARFRUIT;SEASHELLS;4988.0;1
52700;;;AMETHYSTS;SEASHELLS;10002.0;3
53000;;;AMETHYSTS;SEASHELLS;9998.0;1
53200;;;AMETHYSTS;SEASHELLS;10002.0;1
53300;;;AMETHYSTS;SEASHELLS;9998.0;2
53400;;;STARFRUIT;SEASHELLS;4994.0;10
53500;;;STARFRUIT;SEASHELLS;4993.0;1
53600;;;STARFRUIT;SEASHELLS;4988.0;2
53600;;;STARFRUIT;SEASHELLS;4987.0;1
53600;;;STARFRUIT;SEASHELLS;4988.0;15
53600;;;AMETHYSTS;SEASHELLS;9998.0;1
53700;;;AMETHYSTS;SEASHELLS;10004.0;2
53700;;;STARFRUIT;SEASHELLS;4989.0;2
53900;;;AMETHYSTS;SEASHELLS;10002.0;1
54300;;;AMETHYSTS;SEASHELLS;9998.0;1
54600;;;AMETHYSTS;SEASHELLS;9996.0;1
54600;;;AMETHYSTS;SEASHELLS;9996.0;5
54600;;;STARFRUIT;SEASHELLS;4990.0;1
54600;;;STARFRUIT;SEASHELLS;4991.0;3
54700;;;STARFRUIT;SEASHELLS;4995.0;1
54900;;;AMETHYSTS;SEASHELLS;10002.0;3
55200;;;STARFRUIT;SEASHELLS;4995.0;1
56100;;;STARFRUIT;SEASHELLS;4996.0;1
56100;;;AMETHYSTS;SEASHELLS;10004.0;1
56500;;;AMETHYSTS;SEASHELLS;9998.0;1
56500;;;STARFRUIT;SEASHELLS;4991.0;1
56500;;;STARFRUIT;SEASHELLS;4995.0;11
56700;;;AMETHYSTS;SEASHELLS;10002.0;1
56700;;;STARFRUIT;SEASHELLS;4991.0;4
56700;;;STARFRUIT;SEASHELLS;4991.0;2
57000;;;AMETHYSTS;SEASHELLS;10004.0;1
57000;;;STARFRUIT;SEASHELLS;4997.0;1
57100;;;AMETHYSTS;SEASHELLS;10002.0;1
57200;;;AMETHYSTS;SEASHELLS;10002.0;1
57300;;;AMETHYSTS;SEASHELLS;10002.0;1
57400;;;STARFRUIT;SEASHELLS;4997.0;1
57700;;;STARFRUIT;SEASHELLS;4991.0;1
57700;;;AMETHYSTS;SEASHELLS;10002.0;2
57800;;;STARFRUIT;SEASHELLS;4990.0;1
58000;;;STARFRUIT;SEASHELLS;4991.0;1
58400;;;AMETHYSTS;SEASHELLS;9996.0;1
58600;;;STARFRUIT;SEASHELLS;4995.0;10
58600;;;AMETHYSTS;SEASHELLS;9998.0;1
58800;;;STARFRUIT;SEASHELLS;4989.0;1
59500;;;AMETHYSTS;SEASHELLS;10005.0;4
59700;;;AMETHYSTS;SEASHELLS;10002.0;6
60000;;;STARFRUIT;SEASHELLS;4991.0;1
60200;;;STARFRUIT;SEASHELLS;4988.0;1
60200;;;AMETHYSTS;SEASHELLS;9996.0;1
60200;;;AMETHYSTS;SEASHELLS;9996.0;1
60200;;;STARFRUIT;SEASHELLS;4988.0;1
60300;;;AMETHYSTS;SEASHELLS;9996.0;2
60300;;;AMETHYSTS;SEASHELLS;9996.0;6
60300;;;STARFRUIT;SEASHELLS;4991.0;13
60400;;;AMETHYSTS;SEASHELLS;9998.0;1
60500;;;AMETHYSTS;SEASHELLS;9998.0;1
60600;;;STARFRUIT;SEASHELLS;4988.0;1
60800;;;STARFRUIT;SEASHELLS;4987.0;2
61100;;;AMETHYSTS;SEASHELLS;10005.0;2
61100;;;AMETHYSTS;SEASHELLS;10002.0;1
61100;;;STARFRUIT;SEASHELLS;4994.0;2
61300;;;STARFRUIT;SEASHELLS;4992.0;1
62300;;;AMETHYSTS;SEASHELLS;10004.0;1
62300;;;STARFRUIT;SEASHELLS;4995.0;1
62400;;;STARFRUIT;SEASHELLS;4989.0;5
62500;;;STARFRUIT;SEASHELLS;4992.0;3
62500;;;STARFRUIT;SEASHELLS;4992.0;2
62600;;;STARFRUIT;SEASHELLS;4988.0;1
62900;;;STARFRUIT;SEASHELLS;4990.0;15
62900;;;STARFRUIT;SEASHELLS;4990.0;1
63200;;;AMETHYSTS;SEASHELLS;9998.0;1
63200;;;STARFRUIT;SEASHELLS;4991.0;1
63300;;;STARFRUIT;SEASHELLS;4996.0;2
63300;;;AMETHYSTS;SEASHELLS;9998.0;1
63500;;;AMETHYSTS;SEASHELLS;9998.0;6
63700;;;AMETHYSTS;SEASHELLS;9996.0;1
64200;;;STARFRUIT;SEASHELLS;4989.0;2
64200;;;AMETHYSTS;SEASHELLS;9995.0;2
64500;;;AMETHYSTS;SEASHELLS;10005.0;2
64500;;;STARFRUIT;SEASHELLS;4994.0;1
64500;;;AMETHYSTS;SEASHELLS;10002.0;1
64500;;;STARFRUIT;SEASHELLS;4994.0;1
64900;;;AMETHYSTS;SEASHELLS;10005.0;2
65300;;;AMETHYSTS;SEASHELLS;10000.0;2
65300;;;AMETHYSTS;SEASHELLS;9998.0;1
65400;;;STARFRUIT;SEASHELLS;4987.0;1
65500;;;AMETHYSTS;SEASHELLS;9998.0;1
65600;;;STARFRUIT;SEASHELLS;4986.0;1
65600;;;AMETHYSTS;SEASHELLS;9995.0;1
65800;;;AMETHYSTS;SEASHELLS;9996.0;1
65800;;;STARFRUIT;SEASHELLS;4986.0;1
65900;;;AMETHYSTS;SEASHELLS;9998.0;1
66000;;;AMETHYSTS;SEASHELLS;9998.0;1
66700;;;AMETHYSTS;SEASHELLS;9998.0;2
67000;;;STARFRUIT;SEASHELLS;4985.0;1
67200;;;STARFRUIT;SEASHELLS;4989.0;1
67400;;;STARFRUIT;SEASHELLS;4983.0;2
67400;;;AMETHYSTS;SEASHELLS;9996.0;1
67500;;;STARFRUIT;SEASHELLS;4984.0;2
67500;;;STARFRUIT;SEASHELLS;4984.0;6
67900;;;AMETHYSTS;SEASHELLS;9998.0;2
67900;;;STARFRUIT;SEASHELLS;4984.0;2
67900;;;STARFRUIT;SEASHELLS;4986.0;1
68000;;;AMETHYSTS;SEASHELLS;10002.0;5
68000;;;STARFRUIT;SEASHELLS;4984.0;1
68000;;;AMETHYSTS;SEASHELLS;10005.0;3
68100;;;AMETHYSTS;SEASHELLS;10002.0;1
68200;;;STARFRUIT;SEASHELLS;4989.0;1
68300;;;STARFRUIT;SEASHELLS;4983.0;1
68500;;;STARFRUIT;SEASHELLS;4990.0;2
68500;;;AMETHYSTS;SEASHELLS;10002.0;1
68500;;;STARFRUIT;SEASHELLS;4990.0;10
68800;;;STARFRUIT;SEASHELLS;4985.0;9
68900;;;STARFRUIT;SEASHELLS;4989.0;1
68900;;;AMETHYSTS;SEASHELLS;10002.0;1
69300;;;AMETHYSTS;SEASHELLS;10005.0;2
69300;;;STARFRUIT;SEASHELLS;4990.0;2
69400;;;STARFRUIT;SEASHELLS;4989.0;1
69600;;;STARFRUIT;SEASHELLS;4985.0;2
70400;;;STARFRUIT;SEASHELLS;4980.0;1
70500;;;STARFRUIT;SEASHELLS;4979.0;3
70700;;;STARFRUIT;SEASHELLS;4980.0;10
71400;;;STARFRUIT;SEASHELLS;4980.0;1
71600;;;AMETHYSTS;SEASHELLS;9995.0;10
73400;;;STARFRUIT;SEASHELLS;4982.0;1
73700;;;STARFRUIT;SEASHELLS;4987.0;9
73900;;;STARFRUIT;SEASHELLS;4980.0;1
74100;;;AMETHYSTS;SEASHELLS;10002.0;1
74200;;;STARFRUIT;SEASHELLS;4984.0;1
74300;;;STARFRUIT;SEASHELLS;4983.0;1
74400;;;AMETHYSTS;SEASHELLS;10004.0;1
74400;;;STARFRUIT;SEASHELLS;4985.0;2
74900;;;AMETHYSTS;SEASHELLS;10002.0;1
75200;;;STARFRUIT;SEASHELLS;4978.0;1
75200;;;AMETHYSTS;SEASHELLS;9996.0;1
75300;;;STARFRUIT;SEASHELLS;4983.0;3
75500;;;STARFRUIT;SEASHELLS;4979.0;1
76200;;;STARFRUIT;SEASHELLS;4979.0;6
76200;;;STARFRUIT;SEASHELLS;4979.0;5
76400;;;STARFRUIT;SEASHELLS;4978.0;1
76400;;;AMETHYSTS;SEASHELLS;10002.0;1
76400;;;STARFRUIT;SEASHELLS;4978.0;1
76400;;;STARFRUIT;SEASHELLS;4978.0;7
77700;;;AMETHYSTS;SEASHELLS;9998.0;5
77800;;;STARFRUIT;SEASHELLS;4981.0;1
78000;;;AMETHYSTS;SEASHELLS;10002.0;2
78100;;;STARFRUIT;SEASHELLS;4979.0;1
78300;;;AMETHYSTS;SEASHELLS;9995.0;2
78300;;;STARFRUIT;SEASHELLS;4974.0;2
78400;;;STARFRUIT;SEASHELLS;4976.0;1
78400;;;STARFRUIT;SEASHELLS;4976.0;7
78800;;;STARFRUIT;SEASHELLS;4974.0;1
78800;;;STARFRUIT;SEASHELLS;4981.0;10
79000;;;AMETHYSTS;SEASHELLS;10005.0;2
79000;;;AMETHYSTS;SEASHELLS;10004.0;1
79000;;;STARFRUIT;SEASHELLS;4981.0;2
79500;;;STARFRUIT;SEASHELLS;4975.0;20
79500;;;AMETHYSTS;SEASHELLS;10002.0;1
80100;;;STARFRUIT;SEASHELLS;4979.0;1
80300;;;AMETHYSTS;SEASHELLS;10002.0;1
80500;;;STARFRUIT;SEASHELLS;4973.0;1
80800;;;AMETHYSTS;SEASHELLS;10002.0;1
80900;;;STARFRUIT;SEASHELLS;4973.0;1
81300;;;STARFRUIT;SEASHELLS;4978.0;1
81300;;;AMETHYSTS;SEASHELLS;9998.0;1
81700;;;AMETHYSTS;SEASHELLS;10002.0;1
81800;;;AMETHYSTS;SEASHELLS;9998.0;1
81800;;;STARFRUIT;SEASHELLS;4973.0;1
82000;;;STARFRUIT;SEASHELLS;4976.0;5
82100;;;STARFRUIT;SEASHELLS;4972.0;1
82300;;;AMETHYSTS;SEASHELLS;10004.0;1
82600;;;STARFRUIT;SEASHELLS;4972.0;1
83200;;;AMETHYSTS;SEASHELLS;9996.0;1
83200;;;STARFRUIT;SEASHELLS;4972.0;2
83200;;;AMETHYSTS;SEASHELLS;9996.0;1
83300;;;STARFRUIT;SEASHELLS;4972.0;11
83600;;;STARFRUIT;SEASHELLS;4972.0;8
83700;;;AMETHYSTS;SEASHELLS;10004.0;1
84200;;;STARFRUIT;SEASHELLS;4972.0;8
84200;;;STARFRUIT;SEASHELLS;4977.0;1
84200;;;STARFRUIT;SEASHELLS;4972.0;2
84500;;;STARFRUIT;SEASHELLS;4972.0;2
84600;;;STARFRUIT;SEASHELLS;4979.0;2
84600;;;AMETHYSTS;SEASHELLS;10004.0;2
84700;;;STARFRUIT;SEASHELLS;4978.0;1
85000;;;AMETHYSTS;SEASHELLS;9998.0;5
85200;;;STARFRUIT;SEASHELLS;4973.0;3
85700;;;AMETHYSTS;SEASHELLS;9995.0;2
85700;;;AMETHYSTS;SEASHELLS;10005.0;4
85700;;;STARFRUIT;SEASHELLS;4972.0;8
85700;;;STARFRUIT;SEASHELLS;4972.0;2
85800;;;STARFRUIT;SEASHELLS;4974.0;13
85800;;;STARFRUIT;SEASHELLS;4974.0;7
85900;;;STARFRUIT;SEASHELLS;4974.0;1
85900;;;AMETHYSTS;SEASHELLS;9998.0;2
86000;;;STARFRUIT;SEASHELLS;4978.0;1
86000;;;STARFRUIT;SEASHELLS;4974.0;1
86000;;;AMETHYSTS;SEASHELLS;10002.0;1
86200;;;STARFRUIT;SEASHELLS;4976.0;2
86300;;;STARFRUIT;SEASHELLS;4975.0;1
86300;;;AMETHYSTS;SEASHELLS;9998.0;1
86500;;;AMETHYSTS;SEASHELLS;10002.0;1
86700;;;STARFRUIT;SEASHELLS;4975.0;14
87200;;;STARFRUIT;SEASHELLS;4977.0;1
87400;;;STARFRUIT;SEASHELLS;4975.0;13
87500;;;STARFRUIT;SEASHELLS;4976.0;9
87900;;;AMETHYSTS;SEASHELLS;10002.0;4
87900;;;STARFRUIT;SEASHELLS;4982.0;12
88200;;;STARFRUIT;SEASHELLS;4977.0;3
88300;;;AMETHYSTS;SEASHELLS;10004.0;2
88500;;;AMETHYSTS;SEASHELLS;10002.0;5
88600;;;AMETHYSTS;SEASHELLS;9998.0;1
88900;;;STARFRUIT;SEASHELLS;4982.0;1
89100;;;STARFRUIT;SEASHELLS;4983.0;1
90000;;;STARFRUIT;SEASHELLS;4977.0;1
90100;;;AMETHYSTS;SEASHELLS;10004.0;1
90100;;;STARFRUIT;SEASHELLS;4983.0;1
90700;;;AMETHYSTS;SEASHELLS;10002.0;6
91000;;;STARFRUIT;SEASHELLS;4977.0;1
91000;;;AMETHYSTS;SEASHELLS;9998.0;1
91400;;;AMETHYSTS;SEASHELLS;10002.0;1
91500;;;STARFRUIT;SEASHELLS;4976.0;1
91900;;;AMETHYSTS;SEASHELLS;10002.0;1
91900;;;STARFRUIT;SEASHELLS;4975.0;1
92300;;;STARFRUIT;SEASHELLS;4976.0;1
92300;;;AMETHYSTS;SEASHELLS;9996.0;1
92300;;;STARFRUIT;SEASHELLS;4977.0;1
92500;;;STARFRUIT;SEASHELLS;4975.0;1
92500;;;STARFRUIT;SEASHELLS;4976.0;11
92600;;;STARFRUIT;SEASHELLS;4976.0;1
93000;;;AMETHYSTS;SEASHELLS;10002.0;1
93100;;;AMETHYSTS;SEASHELLS;9998.0;1
93300;;;STARFRUIT;SEASHELLS;4977.0;1
93300;;;AMETHYSTS;SEASHELLS;9998.0;1
93400;;;STARFRUIT;SEASHELLS;4980.0;5
93500;;;AMETHYSTS;SEASHELLS;9998.0;1
93700;;;AMETHYSTS;SEASHELLS;10002.0;1
93900;;;AMETHYSTS;SEASHELLS;9998.0;1
94100;;;STARFRUIT;SEASHELLS;4976.0;1
94300;;;STARFRUIT;SEASHELLS;4974.0;1
94400;;;STARFRUIT;SEASHELLS;4974.0;1
94700;;;AMETHYSTS;SEASHELLS;9996.0;2
94700;;;AMETHYSTS;SEASHELLS;9996.0;9
94800;;;AMETHYSTS;SEASHELLS;10002.0;4
95100;;;STARFRUIT;SEASHELLS;4975.0;2
95100;;;AMETHYSTS;SEASHELLS;9996.0;2
95300;;;STARFRUIT;SEASHELLS;4975.0;1
95300;;;AMETHYSTS;SEASHELLS;10002.0;1
95300;;;STARFRUIT;SEASHELLS;4974.0;2
95600;;;STARFRUIT;SEASHELLS;4979.0;2
95600;;;STARFRUIT;SEASHELLS;4980.0;1
95800;;;STARFRUIT;SEASHELLS;4976.0;1
95900;;;AMETHYSTS;SEASHELLS;10002.0;3
95900;;;STARFRUIT;SEASHELLS;4980.0;1
95900;;;AMETHYSTS;SEASHELLS;10002.0;5
96100;;;STARFRUIT;SEASHELLS;4975.0;1
96100;;;AMETHYSTS;SEASHELLS;9995.0;1
96200;;;STARFRUIT;SEASHELLS;4975.0;1
96200;;;STARFRUIT;SEASHELLS;4980.0;6
96400;;;AMETHYSTS;SEASHELLS;10002.0;3
96800;;;STARFRUIT;SEASHELLS;4980.0;1
96900;;;AMETHYSTS;SEASHELLS;10005.0;3
97200;;;AMETHYSTS;SEASHELLS;10005.0;12
97300;;;AMETHYSTS;SEASHELLS;10004.0;1
97300;;;STARFRUIT;SEASHELLS;4975.0;1
97400;;;AMETHYSTS;SEASHELLS;9998.0;1
97600;;;AMETHYSTS;SEASHELLS;9998.0;1
97900;;;AMETHYSTS;SEASHELLS;10002.0;4
98100;;;STARFRUIT;SEASHELLS;4980.0;1
98100;;;STARFRUIT;SEASHELLS;4977.0;3
98100;;;AMETHYSTS;SEASHELLS;10002.0;1
98200;;;STARFRUIT;SEASHELLS;4974.0;1
98300;;;STARFRUIT;SEASHELLS;4974.0;7
98300;;;AMETHYSTS;SEASHELLS;9998.0;1
98400;;;STARFRUIT;SEASHELLS;4975.0;1
98400;;;STARFRUIT;SEASHELLS;4977.0;1
98800;;;STARFRUIT;SEASHELLS;4981.0;2
98800;;;AMETHYSTS;SEASHELLS;9996.0;1
98800;;;STARFRUIT;SEASHELLS;4981.0;1
99000;;;AMETHYSTS;SEASHELLS;9998.0;1
99000;;;STARFRUIT;SEASHELLS;4976.0;11
99500;;;STARFRUIT;SEASHELLS;4982.0;19
100100;;;AMETHYSTS;SEASHELLS;9998.0;1
100500;;;AMETHYSTS;SEASHELLS;9998.0;1
101800;;;STARFRUIT;SEASHELLS;4976.0;2
102200;;;STARFRUIT;SEASHELLS;4978.0;2
102200;;;AMETHYSTS;SEASHELLS;10004.0;2
102300;;;AMETHYSTS;SEASHELLS;10002.0;3
102300;;;AMETHYSTS;SEASHELLS;10002.0;1
102400;;;STARFRUIT;SEASHELLS;4972.0;1
102500;;;AMETHYSTS;SEASHELLS;10002.0;1
102500;;;STARFRUIT;SEASHELLS;4977.0;1
102900;;;STARFRUIT;SEASHELLS;4977.0;3
102900;;;AMETHYSTS;SEASHELLS;9998.0;1
102900;;;STARFRUIT;SEASHELLS;4979.0;14
103100;;;STARFRUIT;SEASHELLS;4972.0;2
103100;;;AMETHYSTS;SEASHELLS;9995.0;2
104000;;;AMETHYSTS;SEASHELLS;9998.0;1
104200;;;AMETHYSTS;SEASHELLS;9998.0;2
104200;;;AMETHYSTS;SEASHELLS;9998.0;1
104300;;;AMETHYSTS;SEASHELLS;9998.0;2
104400;;;STARFRUIT;SEASHELLS;4970.0;2
104400;;;AMETHYSTS;SEASHELLS;9995.0;2
104400;;;AMETHYSTS;SEASHELLS;9998.0;1
104700;;;AMETHYSTS;SEASHELLS;10002.0;1
104700;;;STARFRUIT;SEASHELLS;4971.0;1
104800;;;STARFRUIT;SEASHELLS;4971.0;1
104900;;;STARFRUIT;SEASHELLS;4976.0;1
105100;;;AMETHYSTS;SEASHELLS;10002.0;1
105200;;;STARFRUIT;SEASHELLS;4970.0;1
105900;;;AMETHYSTS;SEASHELLS;10002.0;5
106500;;;STARFRUIT;SEASHELLS;4976.0;11
106700;;;STARFRUIT;SEASHELLS;4971.0;4
106800;;;STARFRUIT;SEASHELLS;4971.0;2
106800;;;STARFRUIT;SEASHELLS;4971.0;9
106800;;;AMETHYSTS;SEASHELLS;10005.0;2
107000;;;STARFRUIT;SEASHELLS;4971.0;1
107200;;;AMETHYSTS;SEASHELLS;9995.0;4
107500;;;STARFRUIT;SEASHELLS;4975.0;7
107500;;;AMETHYSTS;SEASHELLS;10002.0;2
107500;;;STARFRUIT;SEASHELLS;4977.0;2
107700;;;AMETHYSTS;SEASHELLS;10004.0;2
107700;;;STARFRUIT;SEASHELLS;4976.0;2
107800;;;STARFRUIT;SEASHELLS;4975.0;1
108000;;;AMETHYSTS;SEASHELLS;9998.0;6
108000;;;STARFRUIT;SEASHELLS;4977.0;12
108000;;;AMETHYSTS;SEASHELLS;9998.0;5
108300;;;AMETHYSTS;SEASHELLS;9998.0;1
108400;;;STARFRUIT;SEASHELLS;4975.0;1
108500;;;STARFRUIT;SEASHELLS;4977.0;11
108600;;;AMETHYSTS;SEASHELLS;10002.0;1
108700;;;AMETHYSTS;SEASHELLS;9995.0;10
108800;;;STARFRUIT;SEASHELLS;4970.0;1
108900;;;STARFRUIT;SEASHELLS;4977.0;1
108900;;;AMETHYSTS;SEASHELLS;10004.0;1
109100;;;AMETHYSTS;SEASHELLS;10002.0;2
109400;;;STARFRUIT;SEASHELLS;4975.0;1
109900;;;AMETHYSTS;SEASHELLS;10005.0;1
109900;;;STARFRUIT;SEASHELLS;4976.0;1
110000;;;STARFRUIT;SEASHELLS;4974.0;4
110400;;;STARFRUIT;SEASHELLS;4969.0;9
111300;;;AMETHYSTS;SEASHELLS;9995.0;1
111300;;;STARFRUIT;SEASHELLS;4970.0;1
111600;;;AMETHYSTS;SEASHELLS;9996.0;2
112000;;;AMETHYSTS;SEASHELLS;10002.0;1
112200;;;AMETHYSTS;SEASHELLS;10002.0;1
112300;;;STARFRUIT;SEASHELLS;4972.0;1
112400;;;STARFRUIT;SEASHELLS;4977.0;1
112500;;;STARFRUIT;SEASHELLS;4976.0;1
112500;;;AMETHYSTS;SEASHELLS;10002.0;1
113100;;;STARFRUIT;SEASHELLS;4977.0;1
113200;;;STARFRUIT;SEASHELLS;4976.0;1
113300;;;STARFRUIT;SEASHELLS;4976.0;1
113400;;;AMETHYSTS;SEASHELLS;10004.0;1
113400;;;STARFRUIT;SEASHELLS;4978.0;1
113700;;;STARFRUIT;SEASHELLS;4978.0;1
113800;;;AMETHYSTS;SEASHELLS;9996.0;1
113800;;;STARFRUIT;SEASHELLS;4973.0;1
113900;;;STARFRUIT;SEASHELLS;4972.0;1
114300;;;STARFRUIT;SEASHELLS;4972.0;1
114700;;;AMETHYSTS;SEASHELLS;10005.0;12
114700;;;AMETHYSTS;SEASHELLS;9995.0;4
115000;;;STARFRUIT;SEASHELLS;4973.0;1
115200;;;STARFRUIT;SEASHELLS;4973.0;1
115300;;;STARFRUIT;SEASHELLS;4978.0;1
115400;;;STARFRUIT;SEASHELLS;4974.0;6
115600;;;AMETHYSTS;SEASHELLS;9998.0;1
115800;;;STARFRUIT;SEASHELLS;4977.0;1
115800;;;AMETHYSTS;SEASHELLS;9998.0;1
116700;;;STARFRUIT;SEASHELLS;4976.0;1
117700;;;STARFRUIT;SEASHELLS;4977.0;1
118000;;;STARFRUIT;SEASHELLS;4972.0;1
118000;;;AMETHYSTS;SEASHELLS;9995.0;1
118200;;;STARFRUIT;SEASHELLS;4973.0;7
118600;;;STARFRUIT;SEASHELLS;4971.0;1
119300;;;AMETHYSTS;SEASHELLS;10002.0;1
119300;;;STARFRUIT;SEASHELLS;4976.0;1
119400;;;STARFRUIT;SEASHELLS;4971.0;8
119500;;;STARFRUIT;SEASHELLS;4972.0;1
119700;;;STARFRUIT;SEASHELLS;4972.0;1
120200;;;AMETHYSTS;SEASHELLS;10002.0;1
120500;;;AMETHYSTS;SEASHELLS;9998.0;3
120700;;;STARFRUIT;SEASHELLS;4970.0;1
120800;;;AMETHYSTS;SEASHELLS;10000.0;2
120800;;;STARFRUIT;SEASHELLS;4975.0;1
120900;;;AMETHYSTS;SEASHELLS;9998.0;1
121800;;;AMETHYSTS;SEASHELLS;9998.0;2
122300;;;AMETHYSTS;SEASHELLS;10004.0;3
122300;;;AMETHYSTS;SEASHELLS;10004.0;2
122700;;;STARFRUIT;SEASHELLS;4970.0;1
123000;;;AMETHYSTS;SEASHELLS;9998.0;1
123000;;;STARFRUIT;SEASHELLS;4972.0;1
123100;;;STARFRUIT;SEASHELLS;4975.0;5
123100;;;STARFRUIT;SEASHELLS;4972.0;1
123200;;;STARFRUIT;SEASHELLS;4977.0;1
124000;;;STARFRUIT;SEASHELLS;4977.0;7
124000;;;STARFRUIT;SEASHELLS;4977.0;1
124000;;;STARFRUIT;SEASHELLS;4976.0;1
124200;;;STARFRUIT;SEASHELLS;4977.0;7
124400;;;AMETHYSTS;SEASHELLS;10002.0;1
124500;;;AMETHYSTS;SEASHELLS;9995.0;5
124700;;;AMETHYSTS;SEASHELLS;9998.0;1
124900;;;AMETHYSTS;SEASHELLS;10002.0;2
124900;;;STARFRUIT;SEASHELLS;4975.0;2
125100;;;AMETHYSTS;SEASHELLS;9998.0;1
125100;;;STARFRUIT;SEASHELLS;4970.0;1
125200;;;STARFRUIT;SEASHELLS;4971.0;1
125200;;;AMETHYSTS;SEASHELLS;10004.0;1
125300;;;STARFRUIT;SEASHELLS;4976.0;2
125300;;;AMETHYSTS;SEASHELLS;10005.0;2
125400;;;STARFRUIT;SEASHELLS;4970.0;2
125400;;;AMETHYSTS;SEASHELLS;9996.0;2
126400;;;AMETHYSTS;SEASHELLS;9996.0;1
126400;;;AMETHYSTS;SEASHELLS;9996.0;3
126500;;;AMETHYSTS;SEASHELLS;9998.0;4
126700;;;STARFRUIT;SEASHELLS;4977.0;7
127000;;;AMETHYSTS;SEASHELLS;9995.0;12
127200;;;AMETHYSTS;SEASHELLS;10002.0;2
127300;;;STARFRUIT;SEASHELLS;4973.0;1
127400;;;AMETHYSTS;SEASHELLS;10002.0;1
127600;;;STARFRUIT;SEASHELLS;4973.0;1
127800;;;AMETHYSTS;SEASHELLS;10004.0;2
127900;;;AMETHYSTS;SEASHELLS;10002.0;1
128000;;;STARFRUIT;SEASHELLS;4980.0;5
128000;;;STARFRUIT;SEASHELLS;4980.0;2
129200;;;AMETHYSTS;SEASHELLS;9995.0;2
129200;;;STARFRUIT;SEASHELLS;4972.0;2
129500;;;STARFRUIT;SEASHELLS;4980.0;1
129700;;;STARFRUIT;SEASHELLS;4973.0;13
129700;;;STARFRUIT;SEASHELLS;4973.0;1
129700;;;AMETHYSTS;SEASHELLS;9995.0;1
129800;;;STARFRUIT;SEASHELLS;4974.0;1
130100;;;AMETHYSTS;SEASHELLS;10002.0;4
130100;;;AMETHYSTS;SEASHELLS;10002.0;1
130200;;;STARFRUIT;SEASHELLS;4979.0;1
130300;;;AMETHYSTS;SEASHELLS;9998.0;3
130300;;;STARFRUIT;SEASHELLS;4975.0;1
130400;;;STARFRUIT;SEASHELLS;4975.0;1
130500;;;STARFRUIT;SEASHELLS;4980.0;3
130500;;;AMETHYSTS;SEASHELLS;9998.0;3
131100;;;STARFRUIT;SEASHELLS;4976.0;1
131200;;;AMETHYSTS;SEASHELLS;9998.0;1
131400;;;AMETHYSTS;SEASHELLS;9998.0;3
131600;;;AMETHYSTS;SEASHELLS;9998.0;1
132000;;;STARFRUIT;SEASHELLS;4984.0;1
132000;;;AMETHYSTS;SEASHELLS;10004.0;1
132100;;;AMETHYSTS;SEASHELLS;9998.0;5
132300;;;AMETHYSTS;SEASHELLS;10000.0;1
132300;;;STARFRUIT;SEASHELLS;4977.0;1
132700;;;AMETHYSTS;SEASHELLS;10004.0;9
132700;;;AMETHYSTS;SEASHELLS;10004.0;1
133400;;;AMETHYSTS;SEASHELLS;10004.0;1
133400;;;STARFRUIT;SEASHELLS;4983.0;1
133700;;;AMETHYSTS;SEASHELLS;10004.0;1
133700;;;STARFRUIT;SEASHELLS;4981.0;1
134200;;;STARFRUIT;SEASHELLS;4981.0;10
134700;;;AMETHYSTS;SEASHELLS;10004.0;1
134700;;;STARFRUIT;SEASHELLS;4977.0;1
134700;;;STARFRUIT;SEASHELLS;4977.0;4
134800;;;AMETHYSTS;SEASHELLS;10004.0;2
134900;;;AMETHYSTS;SEASHELLS;10002.0;1
135300;;;STARFRUIT;SEASHELLS;4976.0;1
135400;;;STARFRUIT;SEASHELLS;4976.0;11
135600;;;STARFRUIT;SEASHELLS;4977.0;1
136500;;;STARFRUIT;SEASHELLS;4985.0;2
136500;;;AMETHYSTS;SEASHELLS;10005.0;2
136500;;;STARFRUIT;SEASHELLS;4978.0;1
136800;;;AMETHYSTS;SEASHELLS;9998.0;2
136900;;;STARFRUIT;SEASHELLS;4978.0;1
137500;;;STARFRUIT;SEASHELLS;4984.0;1
137700;;;AMETHYSTS;SEASHELLS;10004.0;1
138100;;;STARFRUIT;SEASHELLS;4982.0;2
139100;;;AMETHYSTS;SEASHELLS;9998.0;5
139400;;;AMETHYSTS;SEASHELLS;9996.0;1
139400;;;AMETHYSTS;SEASHELLS;9996.0;2
139900;;;STARFRUIT;SEASHELLS;4975.0;7
140000;;;STARFRUIT;SEASHELLS;4976.0;1
140100;;;STARFRUIT;SEASHELLS;4977.0;5
140700;;;STARFRUIT;SEASHELLS;4981.0;1
140700;;;AMETHYSTS;SEASHELLS;9998.0;2
140800;;;STARFRUIT;SEASHELLS;4976.0;1
141100;;;AMETHYSTS;SEASHELLS;9998.0;1
141100;;;STARFRUIT;SEASHELLS;4980.0;12
141400;;;STARFRUIT;SEASHELLS;4981.0;1
141600;;;STARFRUIT;SEASHELLS;4981.0;1
141900;;;STARFRUIT;SEASHELLS;4977.0;2
142000;;;AMETHYSTS;SEASHELLS;9996.0;1
142400;;;STARFRUIT;SEASHELLS;4982.0;1
142400;;;AMETHYSTS;SEASHELLS;10004.0;1
142800;;;STARFRUIT;SEASHELLS;4982.0;1
142900;;;STARFRUIT;SEASHELLS;4983.0;12
143100;;;STARFRUIT;SEASHELLS;4976.0;2
143100;;;AMETHYSTS;SEASHELLS;9995.0;2
143200;;;STARFRUIT;SEASHELLS;4976.0;1
143200;;;AMETHYSTS;SEASHELLS;9995.0;1
143200;;;AMETHYSTS;SEASHELLS;9998.0;1
143300;;;STARFRUIT;SEASHELLS;4976.0;1
143800;;;AMETHYSTS;SEASHELLS;9998.0;1
143800;;;STARFRUIT;SEASHELLS;4975.0;1
144100;;;AMETHYSTS;SEASHELLS;10002.0;1
144200;;;STARFRUIT;SEASHELLS;4979.0;1
144200;;;AMETHYSTS;SEASHELLS;10004.0;1
144600;;;AMETHYSTS;SEASHELLS;9998.0;3
144800;;;STARFRUIT;SEASHELLS;4978.0;1
144900;;;AMETHYSTS;SEASHELLS;10002.0;1
145800;;;AMETHYSTS;SEASHELLS;9998.0;3
145800;;;STARFRUIT;SEASHELLS;4978.0;1
145900;;;STARFRUIT;SEASHELLS;4978.0;1
145900;;;AMETHYSTS;SEASHELLS;10004.0;1
146300;;;AMETHYSTS;SEASHELLS;10005.0;2
146300;;;STARFRUIT;SEASHELLS;4980.0;2
146700;;;AMETHYSTS;SEASHELLS;10005.0;5
146900;;;STARFRUIT;SEASHELLS;4973.0;1
146900;;;AMETHYSTS;SEASHELLS;10004.0;2
146900;;;AMETHYSTS;SEASHELLS;10004.0;8
147300;;;STARFRUIT;SEASHELLS;4973.0;10
147400;;;AMETHYSTS;SEASHELLS;9995.0;1
147400;;;STARFRUIT;SEASHELLS;4973.0;1
147800;;;STARFRUIT;SEASHELLS;4977.0;1
147800;;;AMETHYSTS;SEASHELLS;9998.0;1
148000;;;AMETHYSTS;SEASHELLS;10000.0;1
148000;;;AMETHYSTS;SEASHELLS;9998.0;1
148000;;;STARFRUIT;SEASHELLS;4974.0;1
148200;;;AMETHYSTS;SEASHELLS;9995.0;2
148200;;;STARFRUIT;SEASHELLS;4976.0;1
148500;;;STARFRUIT;SEASHELLS;4976.0;1
148700;;;STARFRUIT;SEASHELLS;4971.0;1
150000;;;STARFRUIT;SEASHELLS;4969.0;1
150100;;;STARFRUIT;SEASHELLS;4975.0;1
150100;;;AMETHYSTS;SEASHELLS;10004.0;1
150300;;;AMETHYSTS;SEASHELLS;9996.0;1
150300;;;STARFRUIT;SEASHELLS;4970.0;1
151200;;;STARFRUIT;SEASHELLS;4979.0;6
151400;;;STARFRUIT;SEASHELLS;4973.0;1
151400;;;AMETHYSTS;SEASHELLS;10002.0;1
151500;;;STARFRUIT;SEASHELLS;4974.0;1
151900;;;STARFRUIT;SEASHELLS;4974.0;1
152000;;;STARFRUIT;SEASHELLS;4980.0;1
152000;;;AMETHYSTS;SEASHELLS;10002.0;6
152100;;;STARFRUIT;SEASHELLS;4981.0;2
152100;;;AMETHYSTS;SEASHELLS;10004.0;2
152300;;;STARFRUIT;SEASHELLS;4975.0;1
152500;;;STARFRUIT;SEASHELLS;4977.0;3
153000;;;STARFRUIT;SEASHELLS;4973.0;9
153200;;;AMETHYSTS;SEASHELLS;9995.0;5
153500;;;STARFRUIT;SEASHELLS;4978.0;1
153500;;;AMETHYSTS;SEASHELLS;10002.0;1
153600;;;STARFRUIT;SEASHELLS;4973.0;1
153700;;;AMETHYSTS;SEASHELLS;9998.0;1
153900;;;STARFRUIT;SEASHELLS;4974.0;1
153900;;;STARFRUIT;SEASHELLS;4974.0;2
154100;;;AMETHYSTS;SEASHELLS;9998.0;2
154400;;;AMETHYSTS;SEASHELLS;10002.0;2
154600;;;AMETHYSTS;SEASHELLS;10002.0;1
154700;;;STARFRUIT;SEASHELLS;4974.0;1
154800;;;STARFRUIT;SEASHELLS;4974.0;1
155200;;;AMETHYSTS;SEASHELLS;10002.0;1
155600;;;STARFRUIT;SEASHELLS;4981.0;1
155600;;;AMETHYSTS;SEASHELLS;9998.0;1
155700;;;AMETHYSTS;SEASHELLS;10002.0;1
156300;;;STARFRUIT;SEASHELLS;4982.0;5
156500;;;AMETHYSTS;SEASHELLS;10002.0;1
156600;;;STARFRUIT;SEASHELLS;4983.0;16
156700;;;STARFRUIT;SEASHELLS;4983.0;2
156700;;;AMETHYSTS;SEASHELLS;10004.0;2
157400;;;STARFRUIT;SEASHELLS;4975.0;1
157400;;;AMETHYSTS;SEASHELLS;10002.0;1
157700;;;STARFRUIT;SEASHELLS;4982.0;1
157700;;;AMETHYSTS;SEASHELLS;10004.0;1
157900;;;STARFRUIT;SEASHELLS;4981.0;2
157900;;;AMETHYSTS;SEASHELLS;10005.0;2
158000;;;AMETHYSTS;SEASHELLS;10002.0;1
158000;;;STARFRUIT;SEASHELLS;4974.0;1
158200;;;AMETHYSTS;SEASHELLS;9998.0;8
158300;;;AMETHYSTS;SEASHELLS;10002.0;1
158300;;;STARFRUIT;SEASHELLS;4974.0;1
158500;;;STARFRUIT;SEASHELLS;4975.0;1
158900;;;STARFRUIT;SEASHELLS;4980.0;12
159200;;;AMETHYSTS;SEASHELLS;9998.0;2
159200;;;STARFRUIT;SEASHELLS;4975.0;4
159200;;;STARFRUIT;SEASHELLS;4974.0;2
159400;;;AMETHYSTS;SEASHELLS;10002.0;1
159500;;;STARFRUIT;SEASHELLS;4973.0;1
159900;;;STARFRUIT;SEASHELLS;4977.0;2
159900;;;AMETHYSTS;SEASHELLS;9996.0;2
160200;;;STARFRUIT;SEASHELLS;4975.0;1
160300;;;STARFRUIT;SEASHELLS;4980.0;1
160400;;;STARFRUIT;SEASHELLS;4974.0;1
160700;;;STARFRUIT;SEASHELLS;4973.0;1
160800;;;STARFRUIT;SEASHELLS;4973.0;3
160900;;;STARFRUIT;SEASHELLS;4974.0;13
161800;;;STARFRUIT;SEASHELLS;4972.0;1
162000;;;AMETHYSTS;SEASHELLS;10005.0;2
162000;;;STARFRUIT;SEASHELLS;4979.0;2
162100;;;STARFRUIT;SEASHELLS;4972.0;12
162300;;;STARFRUIT;SEASHELLS;4975.0;2
162300;;;AMETHYSTS;SEASHELLS;10002.0;2
162400;;;STARFRUIT;SEASHELLS;4976.0;1
162700;;;AMETHYSTS;SEASHELLS;9996.0;1
162700;;;STARFRUIT;SEASHELLS;4973.0;1
162800;;;AMETHYSTS;SEASHELLS;9995.0;2
162800;;;STARFRUIT;SEASHELLS;4973.0;2
163100;;;STARFRUIT;SEASHELLS;4978.0;1
163300;;;STARFRUIT;SEASHELLS;4979.0;1
163800;;;STARFRUIT;SEASHELLS;4977.0;1
163900;;;AMETHYSTS;SEASHELLS;10002.0;4
163900;;;AMETHYSTS;SEASHELLS;10002.0;1
163900;;;STARFRUIT;SEASHELLS;4978.0;5
164000;;;AMETHYSTS;SEASHELLS;10000.0;3
164600;;;AMETHYSTS;SEASHELLS;9998.0;1
164700;;;STARFRUIT;SEASHELLS;4973.0;2
164700;;;STARFRUIT;SEASHELLS;4973.0;7
164800;;;AMETHYSTS;SEASHELLS;9998.0;1
165000;;;AMETHYSTS;SEASHELLS;10002.0;2
165300;;;AMETHYSTS;SEASHELLS;9996.0;1
165300;;;AMETHYSTS;SEASHELLS;9996.0;3
165700;;;STARFRUIT;SEASHELLS;4978.0;1
165900;;;STARFRUIT;SEASHELLS;4974.0;5
166100;;;AMETHYSTS;SEASHELLS;10002.0;1
166300;;;STARFRUIT;SEASHELLS;4973.0;13
166300;;;AMETHYSTS;SEASHELLS;10002.0;1
166400;;;AMETHYSTS;SEASHELLS;10002.0;1
166700;;;AMETHYSTS;SEASHELLS;10002.0;1
166700;;;STARFRUIT;SEASHELLS;4973.0;1
166700;;;STARFRUIT;SEASHELLS;4978.0;1
167100;;;STARFRUIT;SEASHELLS;4972.0;1
167100;;;STARFRUIT;SEASHELLS;4978.0;13
167300;;;AMETHYSTS;SEASHELLS;10005.0;2
167300;;;STARFRUIT;SEASHELLS;4979.0;2
168100;;;AMETHYSTS;SEASHELLS;10002.0;1
168200;;;STARFRUIT;SEASHELLS;4973.0;1
168200;;;AMETHYSTS;SEASHELLS;9995.0;1
168700;;;STARFRUIT;SEASHELLS;4975.0;11
168700;;;STARFRUIT;SEASHELLS;4975.0;9
168900;;;AMETHYSTS;SEASHELLS;9998.0;5
169200;;;STARFRUIT;SEASHELLS;4974.0;1
169300;;;AMETHYSTS;SEASHELLS;10002.0;1
169600;;;STARFRUIT;SEASHELLS;4979.0;1
170000;;;AMETHYSTS;SEASHELLS;10002.0;2
170000;;;STARFRUIT;SEASHELLS;4977.0;2
170000;;;STARFRUIT;SEASHELLS;4972.0;1
170200;;;AMETHYSTS;SEASHELLS;10004.0;1
170200;;;STARFRUIT;SEASHELLS;4977.0;1
170600;;;STARFRUIT;SEASHELLS;4972.0;1
170800;;;STARFRUIT;SEASHELLS;4973.0;3
171100;;;STARFRUIT;SEASHELLS;4973.0;18
171300;;;STARFRUIT;SEASHELLS;4977.0;1
171400;;;AMETHYSTS;SEASHELLS;9998.0;1
171700;;;AMETHYSTS;SEASHELLS;10004.0;1
171700;;;STARFRUIT;SEASHELLS;4978.0;1
172100;;;AMETHYSTS;SEASHELLS;10002.0;1
172200;;;AMETHYSTS;SEASHELLS;10002.0;1
172300;;;AMETHYSTS;SEASHELLS;10002.0;1
172600;;;AMETHYSTS;SEASHELLS;10002.0;1
172700;;;AMETHYSTS;SEASHELLS;10004.0;2
172800;;;STARFRUIT;SEASHELLS;4974.0;3
173100;;;AMETHYSTS;SEASHELLS;10005.0;4
173600;;;STARFRUIT;SEASHELLS;4978.0;1
173700;;;AMETHYSTS;SEASHELLS;9998.0;1
174100;;;STARFRUIT;SEASHELLS;4978.0;1
174100;;;AMETHYSTS;SEASHELLS;9998.0;1
174900;;;AMETHYSTS;SEASHELLS;10002.0;1
174900;;;STARFRUIT;SEASHELLS;4977.0;1
175200;;;AMETHYSTS;SEASHELLS;9998.0;1
175200;;;AMETHYSTS;SEASHELLS;9996.0;2
175200;;;STARFRUIT;SEASHELLS;4977.0;1
175500;;;STARFRUIT;SEASHELLS;4978.0;1
175500;;;AMETHYSTS;SEASHELLS;10004.0;1
175600;;;STARFRUIT;SEASHELLS;4977.0;1
176000;;;STARFRUIT;SEASHELLS;4972.0;1
176100;;;AMETHYSTS;SEASHELLS;10002.0;1
176100;;;STARFRUIT;SEASHELLS;4976.0;1
176500;;;STARFRUIT;SEASHELLS;4979.0;2
176500;;;AMETHYSTS;SEASHELLS;10004.0;1
176900;;;AMETHYSTS;SEASHELLS;10005.0;9
177300;;;STARFRUIT;SEASHELLS;4973.0;3
177500;;;STARFRUIT;SEASHELLS;4975.0;4
177600;;;STARFRUIT;SEASHELLS;4980.0;12
177900;;;STARFRUIT;SEASHELLS;4980.0;20
177900;;;AMETHYSTS;SEASHELLS;9998.0;3
178200;;;STARFRUIT;SEASHELLS;4980.0;1
179600;;;AMETHYSTS;SEASHELLS;10002.0;1
180000;;;STARFRUIT;SEASHELLS;4976.0;1
180300;;;STARFRUIT;SEASHELLS;4981.0;1
180500;;;STARFRUIT;SEASHELLS;4976.0;1
180900;;;AMETHYSTS;SEASHELLS;9998.0;2
180900;;;AMETHYSTS;SEASHELLS;9998.0;1
181000;;;AMETHYSTS;SEASHELLS;10002.0;1
181400;;;STARFRUIT;SEASHELLS;4977.0;1
181600;;;AMETHYSTS;SEASHELLS;9996.0;1
181800;;;STARFRUIT;SEASHELLS;4984.0;2
181800;;;AMETHYSTS;SEASHELLS;10005.0;2
182300;;;AMETHYSTS;SEASHELLS;9998.0;3
182300;;;AMETHYSTS;SEASHELLS;9998.0;1
182500;;;AMETHYSTS;SEASHELLS;10002.0;1
182700;;;AMETHYSTS;SEASHELLS;9996.0;2
182700;;;STARFRUIT;SEASHELLS;4985.0;9
182800;;;STARFRUIT;SEASHELLS;4978.0;4
182900;;;AMETHYSTS;SEASHELLS;10002.0;1
183100;;;AMETHYSTS;SEASHELLS;10002.0;1
183100;;;STARFRUIT;SEASHELLS;4980.0;1
183400;;;STARFRUIT;SEASHELLS;4979.0;1
183500;;;STARFRUIT;SEASHELLS;4983.0;4
183900;;;AMETHYSTS;SEASHELLS;10002.0;1
184200;;;STARFRUIT;SEASHELLS;4979.0;1
184800;;;AMETHYSTS;SEASHELLS;10000.0;2
185000;;;AMETHYSTS;SEASHELLS;9995.0;1
185000;;;STARFRUIT;SEASHELLS;4977.0;1
186000;;;AMETHYSTS;SEASHELLS;9995.0;1
186000;;;STARFRUIT;SEASHELLS;4978.0;1
186100;;;STARFRUIT;SEASHELLS;4978.0;4
186500;;;STARFRUIT;SEASHELLS;4980.0;1
186500;;;AMETHYSTS;SEASHELLS;9996.0;1
186800;;;AMETHYSTS;SEASHELLS;9995.0;6
186800;;;STARFRUIT;SEASHELLS;4979.0;1
186800;;;AMETHYSTS;SEASHELLS;9995.0;1
186900;;;STARFRUIT;SEASHELLS;4986.0;18
186900;;;AMETHYSTS;SEASHELLS;10002.0;5
186900;;;AMETHYSTS;SEASHELLS;10004.0;9
186900;;;AMETHYSTS;SEASHELLS;10004.0;2
186900;;;STARFRUIT;SEASHELLS;4984.0;8
187300;;;STARFRUIT;SEASHELLS;4984.0;1
187300;;;AMETHYSTS;SEASHELLS;9998.0;2
187400;;;STARFRUIT;SEASHELLS;4980.0;7
187400;;;STARFRUIT;SEASHELLS;4980.0;12
187600;;;STARFRUIT;SEASHELLS;4985.0;3
187700;;;STARFRUIT;SEASHELLS;4983.0;1
188400;;;STARFRUIT;SEASHELLS;4981.0;1
188500;;;STARFRUIT;SEASHELLS;4987.0;9
188700;;;STARFRUIT;SEASHELLS;4986.0;1
188700;;;AMETHYSTS;SEASHELLS;10002.0;1
188900;;;STARFRUIT;SEASHELLS;4986.0;1
189000;;;AMETHYSTS;SEASHELLS;10002.0;1
189300;;;STARFRUIT;SEASHELLS;4980.0;1
189400;;;STARFRUIT;SEASHELLS;4985.0;1
189600;;;STARFRUIT;SEASHELLS;4986.0;14
189700;;;STARFRUIT;SEASHELLS;4987.0;1
189700;;;AMETHYSTS;SEASHELLS;10005.0;1
189900;;;AMETHYSTS;SEASHELLS;9998.0;1
190400;;;AMETHYSTS;SEASHELLS;10002.0;4
190400;;;AMETHYSTS;SEASHELLS;10002.0;1
191500;;;STARFRUIT;SEASHELLS;4983.0;2
191500;;;AMETHYSTS;SEASHELLS;9995.0;2
191600;;;STARFRUIT;SEASHELLS;4981.0;1
191600;;;AMETHYSTS;SEASHELLS;9998.0;3
191900;;;AMETHYSTS;SEASHELLS;10002.0;1
193100;;;STARFRUIT;SEASHELLS;4981.0;1
193400;;;AMETHYSTS;SEASHELLS;10002.0;2
193600;;;AMETHYSTS;SEASHELLS;9995.0;2
193600;;;STARFRUIT;SEASHELLS;4980.0;2
193900;;;STARFRUIT;SEASHELLS;4986.0;6
194600;;;AMETHYSTS;SEASHELLS;9998.0;2
194600;;;STARFRUIT;SEASHELLS;4985.0;2
194800;;;STARFRUIT;SEASHELLS;4987.0;1
195700;;;AMETHYSTS;SEASHELLS;10002.0;1
196000;;;STARFRUIT;SEASHELLS;4988.0;1
196100;;;STARFRUIT;SEASHELLS;4983.0;1
196400;;;STARFRUIT;SEASHELLS;4984.0;1
196600;;;AMETHYSTS;SEASHELLS;9998.0;1
196600;;;STARFRUIT;SEASHELLS;4989.0;1
196700;;;AMETHYSTS;SEASHELLS;9998.0;2
196700;;;STARFRUIT;SEASHELLS;4984.0;2
196800;;;AMETHYSTS;SEASHELLS;9998.0;4
197100;;;STARFRUIT;SEASHELLS;4990.0;7
197100;;;AMETHYSTS;SEASHELLS;9998.0;4
197200;;;AMETHYSTS;SEASHELLS;10002.0;1
197300;;;AMETHYSTS;SEASHELLS;10004.0;2
197300;;;STARFRUIT;SEASHELLS;4990.0;2
197400;;;AMETHYSTS;SEASHELLS;9998.0;4
197600;;;AMETHYSTS;SEASHELLS;9998.0;1
197900;;;AMETHYSTS;SEASHELLS;9998.0;5
198000;;;STARFRUIT;SEASHELLS;4991.0;1
198000;;;AMETHYSTS;SEASHELLS;10004.0;1
198100;;;STARFRUIT;SEASHELLS;4990.0;1
198400;;;STARFRUIT;SEASHELLS;4984.0;1
198700;;;AMETHYSTS;SEASHELLS;9998.0;5
198900;;;STARFRUIT;SEASHELLS;4988.0;1
198900;;;STARFRUIT;SEASHELLS;4989.0;1
199000;;;AMETHYSTS;SEASHELLS;9996.0;1
199000;;;STARFRUIT;SEASHELLS;4984.0;1
199400;;;STARFRUIT;SEASHELLS;4989.0;2
199400;;;AMETHYSTS;SEASHELLS;10002.0;2
200100;;;AMETHYSTS;SEASHELLS;9996.0;1
200200;;;STARFRUIT;SEASHELLS;4989.0;5
200300;;;STARFRUIT;SEASHELLS;4984.0;2
200300;;;AMETHYSTS;SEASHELLS;9996.0;1
200300;;;AMETHYSTS;SEASHELLS;9996.0;1
200400;;;AMETHYSTS;SEASHELLS;10004.0;7
200400;;;AMETHYSTS;SEASHELLS;10004.0;1
200500;;;STARFRUIT;SEASHELLS;4991.0;2
200500;;;AMETHYSTS;SEASHELLS;10004.0;2
200600;;;AMETHYSTS;SEASHELLS;10002.0;1
200600;;;STARFRUIT;SEASHELLS;4985.0;2
200600;;;AMETHYSTS;SEASHELLS;10002.0;2
201000;;;STARFRUIT;SEASHELLS;4984.0;2
201700;;;AMETHYSTS;SEASHELLS;9996.0;1
201700;;;STARFRUIT;SEASHELLS;4986.0;9
201700;;;AMETHYSTS;SEASHELLS;9996.0;2
201700;;;AMETHYSTS;SEASHELLS;9998.0;1
201900;;;AMETHYSTS;SEASHELLS;9998.0;1
202100;;;STARFRUIT;SEASHELLS;4986.0;20
202100;;;STARFRUIT;SEASHELLS;4992.0;1
202400;;;STARFRUIT;SEASHELLS;4987.0;1
202800;;;AMETHYSTS;SEASHELLS;9998.0;1
202900;;;STARFRUIT;SEASHELLS;4987.0;2
202900;;;AMETHYSTS;SEASHELLS;9996.0;1
203300;;;STARFRUIT;SEASHELLS;4994.0;2
203500;;;STARFRUIT;SEASHELLS;4994.0;11
203800;;;AMETHYSTS;SEASHELLS;9998.0;1
203900;;;STARFRUIT;SEASHELLS;4992.0;2
203900;;;AMETHYSTS;SEASHELLS;9998.0;2
204200;;;AMETHYSTS;SEASHELLS;10002.0;1
204400;;;AMETHYSTS;SEASHELLS;10002.0;1
204600;;;AMETHYSTS;SEASHELLS;10000.0;3
204700;;;STARFRUIT;SEASHELLS;4993.0;4
204800;;;AMETHYSTS;SEASHELLS;9998.0;4
204800;;;AMETHYSTS;SEASHELLS;9998.0;1
204800;;;AMETHYSTS;SEASHELLS;10002.0;6
204900;;;STARFRUIT;SEASHELLS;4992.0;1
205200;;;AMETHYSTS;SEASHELLS;9996.0;2
205200;;;STARFRUIT;SEASHELLS;4989.0;2
205300;;;AMETHYSTS;SEASHELLS;10004.0;1
205300;;;STARFRUIT;SEASHELLS;4995.0;1
205600;;;AMETHYSTS;SEASHELLS;9995.0;8
205900;;;AMETHYSTS;SEASHELLS;9998.0;1
206200;;;AMETHYSTS;SEASHELLS;9998.0;1
206200;;;STARFRUIT;SEASHELLS;4989.0;2
206400;;;STARFRUIT;SEASHELLS;4988.0;1
206400;;;AMETHYSTS;SEASHELLS;9995.0;1
207100;;;AMETHYSTS;SEASHELLS;10005.0;2
207100;;;STARFRUIT;SEASHELLS;4994.0;2
207200;;;STARFRUIT;SEASHELLS;4987.0;1
207300;;;STARFRUIT;SEASHELLS;4987.0;1
207300;;;STARFRUIT;SEASHELLS;4993.0;6
207700;;;STARFRUIT;SEASHELLS;4992.0;1
207800;;;AMETHYSTS;SEASHELLS;9998.0;4
208000;;;STARFRUIT;SEASHELLS;4987.0;1
208200;;;STARFRUIT;SEASHELLS;4993.0;1
208400;;;STARFRUIT;SEASHELLS;4987.0;1
208500;;;AMETHYSTS;SEASHELLS;9998.0;1
209000;;;STARFRUIT;SEASHELLS;4988.0;1
209000;;;AMETHYSTS;SEASHELLS;9998.0;4
209300;;;AMETHYSTS;SEASHELLS;9995.0;1
209300;;;STARFRUIT;SEASHELLS;4987.0;1
209600;;;STARFRUIT;SEASHELLS;4987.0;1
209900;;;STARFRUIT;SEASHELLS;4988.0;2
209900;;;AMETHYSTS;SEASHELLS;9996.0;2
210000;;;AMETHYSTS;SEASHELLS;9998.0;1
210000;;;AMETHYSTS;SEASHELLS;9995.0;4
210400;;;AMETHYSTS;SEASHELLS;10002.0;1
210700;;;STARFRUIT;SEASHELLS;4988.0;12
211000;;;STARFRUIT;SEASHELLS;4990.0;1
211300;;;STARFRUIT;SEASHELLS;4995.0;1
211400;;;STARFRUIT;SEASHELLS;4990.0;1
211900;;;STARFRUIT;SEASHELLS;4995.0;5
212500;;;STARFRUIT;SEASHELLS;4995.0;1
212700;;;AMETHYSTS;SEASHELLS;9996.0;2
212700;;;STARFRUIT;SEASHELLS;4989.0;1
212800;;;AMETHYSTS;SEASHELLS;10002.0;3
212900;;;AMETHYSTS;SEASHELLS;9998.0;5
213100;;;AMETHYSTS;SEASHELLS;9998.0;1
213100;;;AMETHYSTS;SEASHELLS;9998.0;3
213200;;;STARFRUIT;SEASHELLS;4989.0;4
213400;;;AMETHYSTS;SEASHELLS;9998.0;2
214400;;;AMETHYSTS;SEASHELLS;10004.0;2
214600;;;AMETHYSTS;SEASHELLS;9998.0;1
214700;;;STARFRUIT;SEASHELLS;4986.0;1
214800;;;STARFRUIT;SEASHELLS;4991.0;11
214900;;;STARFRUIT;SEASHELLS;4986.0;1
215100;;;AMETHYSTS;SEASHELLS;10005.0;2
215100;;;STARFRUIT;SEASHELLS;4992.0;2
215200;;;STARFRUIT;SEASHELLS;4987.0;5
215200;;;AMETHYSTS;SEASHELLS;10002.0;1
216300;;;STARFRUIT;SEASHELLS;4993.0;1
216500;;;AMETHYSTS;SEASHELLS;10002.0;1
216500;;;STARFRUIT;SEASHELLS;4987.0;1
216700;;;STARFRUIT;SEASHELLS;4987.0;1
216700;;;STARFRUIT;SEASHELLS;4987.0;12
217100;;;STARFRUIT;SEASHELLS;4992.0;1
217100;;;AMETHYSTS;SEASHELLS;10004.0;1
217500;;;AMETHYSTS;SEASHELLS;10002.0;1
217700;;;STARFRUIT;SEASHELLS;4987.0;5
217900;;;STARFRUIT;SEASHELLS;4986.0;1
217900;;;AMETHYSTS;SEASHELLS;9996.0;1
218100;;;AMETHYSTS;SEASHELLS;9998.0;1
218300;;;STARFRUIT;SEASHELLS;4986.0;19
218400;;;STARFRUIT;SEASHELLS;4991.0;1
218400;;;AMETHYSTS;SEASHELLS;10005.0;1
218400;;;STARFRUIT;SEASHELLS;4988.0;1
219600;;;STARFRUIT;SEASHELLS;4990.0;1
219900;;;STARFRUIT;SEASHELLS;4991.0;1
220100;;;STARFRUIT;SEASHELLS;4991.0;1
220100;;;AMETHYSTS;SEASHELLS;9996.0;1
220300;;;AMETHYSTS;SEASHELLS;10002.0;1
220300;;;STARFRUIT;SEASHELLS;4986.0;2
220800;;;STARFRUIT;SEASHELLS;4986.0;1
220900;;;STARFRUIT;SEASHELLS;4989.0;2
221500;;;STARFRUIT;SEASHELLS;4988.0;1
221700;;;STARFRUIT;SEASHELLS;4983.0;1
222500;;;AMETHYSTS;SEASHELLS;9998.0;1
222500;;;STARFRUIT;SEASHELLS;4991.0;2
222600;;;AMETHYSTS;SEASHELLS;10002.0;1
222900;;;AMETHYSTS;SEASHELLS;10005.0;8
223200;;;STARFRUIT;SEASHELLS;4989.0;1
223200;;;AMETHYSTS;SEASHELLS;10002.0;1
223400;;;STARFRUIT;SEASHELLS;4989.0;1
223900;;;AMETHYSTS;SEASHELLS;10002.0;3
224300;;;AMETHYSTS;SEASHELLS;10004.0;2
224300;;;STARFRUIT;SEASHELLS;4990.0;2
224500;;;STARFRUIT;SEASHELLS;4990.0;1
224500;;;AMETHYSTS;SEASHELLS;10004.0;1
224600;;;STARFRUIT;SEASHELLS;4984.0;1
224800;;;AMETHYSTS;SEASHELLS;10005.0;7
224900;;;STARFRUIT;SEASHELLS;4984.0;1
225800;;;STARFRUIT;SEASHELLS;4983.0;1
225900;;;STARFRUIT;SEASHELLS;4990.0;14
226000;;;AMETHYSTS;SEASHELLS;9995.0;2
226000;;;STARFRUIT;SEASHELLS;4983.0;2
226100;;;STARFRUIT;SEASHELLS;4990.0;1
226100;;;AMETHYSTS;SEASHELLS;10005.0;1
226300;;;STARFRUIT;SEASHELLS;4984.0;3
226300;;;AMETHYSTS;SEASHELLS;10002.0;1
226500;;;AMETHYSTS;SEASHELLS;10002.0;1
226700;;;STARFRUIT;SEASHELLS;4983.0;1
226800;;;STARFRUIT;SEASHELLS;4989.0;1
227400;;;AMETHYSTS;SEASHELLS;9998.0;5
227600;;;AMETHYSTS;SEASHELLS;9998.0;3
227600;;;AMETHYSTS;SEASHELLS;9998.0;1
227600;;;STARFRUIT;SEASHELLS;4989.0;1
227600;;;AMETHYSTS;SEASHELLS;9998.0;3
227700;;;AMETHYSTS;SEASHELLS;10004.0;1
227700;;;AMETHYSTS;SEASHELLS;9998.0;4
227700;;;STARFRUIT;SEASHELLS;4989.0;1
227800;;;STARFRUIT;SEASHELLS;4983.0;1
227900;;;STARFRUIT;SEASHELLS;4988.0;5
227900;;;STARFRUIT;SEASHELLS;4989.0;1
228000;;;STARFRUIT;SEASHELLS;4987.0;3
228300;;;AMETHYSTS;SEASHELLS;9998.0;4
228700;;;AMETHYSTS;SEASHELLS;9998.0;1
228800;;;STARFRUIT;SEASHELLS;4986.0;1
229200;;;AMETHYSTS;SEASHELLS;10005.0;8
229600;;;AMETHYSTS;SEASHELLS;10002.0;4
229800;;;STARFRUIT;SEASHELLS;4992.0;2
230000;;;AMETHYSTS;SEASHELLS;10002.0;1
230400;;;STARFRUIT;SEASHELLS;4987.0;1
230600;;;STARFRUIT;SEASHELLS;4986.0;2
230600;;;STARFRUIT;SEASHELLS;4988.0;1
230600;;;AMETHYSTS;SEASHELLS;9996.0;2
230600;;;STARFRUIT;SEASHELLS;4988.0;1
230700;;;STARFRUIT;SEASHELLS;4992.0;1
230700;;;STARFRUIT;SEASHELLS;4986.0;19
231100;;;STARFRUIT;SEASHELLS;4992.0;1
231800;;;STARFRUIT;SEASHELLS;4987.0;5
232100;;;STARFRUIT;SEASHELLS;4987.0;4
232200;;;STARFRUIT;SEASHELLS;4991.0;2
232500;;;STARFRUIT;SEASHELLS;4987.0;1
232700;;;AMETHYSTS;SEASHELLS;9998.0;2
232700;;;STARFRUIT;SEASHELLS;4987.0;1
233000;;;AMETHYSTS;SEASHELLS;9998.0;4
233100;;;AMETHYSTS;SEASHELLS;10002.0;1
233100;;;STARFRUIT;SEASHELLS;4992.0;1
233200;;;AMETHYSTS;SEASHELLS;9998.0;1
233500;;;AMETHYSTS;SEASHELLS;10002.0;1
233500;;;STARFRUIT;SEASHELLS;4993.0;1
233700;;;STARFRUIT;SEASHELLS;4994.0;2
234500;;;STARFRUIT;SEASHELLS;4987.0;1
234500;;;AMETHYSTS;SEASHELLS;9998.0;1
234800;;;AMETHYSTS;SEASHELLS;9998.0;1
235400;;;STARFRUIT;SEASHELLS;4991.0;1
235400;;;AMETHYSTS;SEASHELLS;9998.0;1
235700;;;AMETHYSTS;SEASHELLS;10002.0;1
236100;;;AMETHYSTS;SEASHELLS;9998.0;1
236100;;;AMETHYSTS;SEASHELLS;9995.0;5
236100;;;AMETHYSTS;SEASHELLS;9995.0;12
236400;;;STARFRUIT;SEASHELLS;4984.0;2
236400;;;AMETHYSTS;SEASHELLS;9998.0;1
236400;;;AMETHYSTS;SEASHELLS;9996.0;2
236500;;;STARFRUIT;SEASHELLS;4984.0;1
236500;;;AMETHYSTS;SEASHELLS;9995.0;2
236600;;;AMETHYSTS;SEASHELLS;10000.0;3
236700;;;STARFRUIT;SEASHELLS;4985.0;1
237000;;;STARFRUIT;SEASHELLS;4992.0;1
237000;;;AMETHYSTS;SEASHELLS;10005.0;1
237000;;;AMETHYSTS;SEASHELLS;10004.0;1
237100;;;AMETHYSTS;SEASHELLS;9995.0;4
237100;;;AMETHYSTS;SEASHELLS;9998.0;1
237300;;;STARFRUIT;SEASHELLS;4986.0;2
237500;;;STARFRUIT;SEASHELLS;4992.0;10
237700;;;STARFRUIT;SEASHELLS;4985.0;1
237900;;;STARFRUIT;SEASHELLS;4991.0;1
237900;;;AMETHYSTS;SEASHELLS;10004.0;1
238000;;;STARFRUIT;SEASHELLS;4991.0;1
238000;;;AMETHYSTS;SEASHELLS;10004.0;1
238000;;;STARFRUIT;SEASHELLS;4990.0;2
238700;;;STARFRUIT;SEASHELLS;4983.0;2
238700;;;AMETHYSTS;SEASHELLS;10002.0;1
238900;;;STARFRUIT;SEASHELLS;4990.0;20
239100;;;STARFRUIT;SEASHELLS;4984.0;1
239200;;;STARFRUIT;SEASHELLS;4990.0;1
239400;;;AMETHYSTS;SEASHELLS;10002.0;1
239800;;;AMETHYSTS;SEASHELLS;9998.0;1
240100;;;AMETHYSTS;SEASHELLS;9998.0;1
240700;;;AMETHYSTS;SEASHELLS;9998.0;1
241000;;;STARFRUIT;SEASHELLS;4983.0;1
241200;;;STARFRUIT;SEASHELLS;4982.0;1
241200;;;AMETHYSTS;SEASHELLS;9998.0;3
241300;;;AMETHYSTS;SEASHELLS;9998.0;4
241300;;;AMETHYSTS;SEASHELLS;9998.0;8
241400;;;AMETHYSTS;SEASHELLS;9996.0;1
241400;;;AMETHYSTS;SEASHELLS;9996.0;9
241500;;;STARFRUIT;SEASHELLS;4981.0;1
241700;;;STARFRUIT;SEASHELLS;4986.0;6
241700;;;AMETHYSTS;SEASHELLS;10002.0;2
241700;;;STARFRUIT;SEASHELLS;4986.0;2
241800;;;AMETHYSTS;SEASHELLS;10002.0;1
242200;;;STARFRUIT;SEASHELLS;4988.0;20
242200;;;AMETHYSTS;SEASHELLS;9998.0;1
242300;;;AMETHYSTS;SEASHELLS;10002.0;1
242500;;;STARFRUIT;SEASHELLS;4981.0;6
242600;;;STARFRUIT;SEASHELLS;4986.0;1
242800;;;AMETHYSTS;SEASHELLS;10005.0;8
242900;;;STARFRUIT;SEASHELLS;4985.0;1
243100;;;STARFRUIT;SEASHELLS;4980.0;1
243200;;;AMETHYSTS;SEASHELLS;10005.0;4
243300;;;AMETHYSTS;SEASHELLS;9998.0;3
243400;;;AMETHYSTS;SEASHELLS;9996.0;1
243400;;;STARFRUIT;SEASHELLS;4987.0;1
243600;;;STARFRUIT;SEASHELLS;4982.0;1
243700;;;STARFRUIT;SEASHELLS;4981.0;2
243700;;;AMETHYSTS;SEASHELLS;9996.0;1
244100;;;AMETHYSTS;SEASHELLS;9998.0;1
244400;;;AMETHYSTS;SEASHELLS;9998.0;1
244700;;;STARFRUIT;SEASHELLS;4986.0;1
244900;;;AMETHYSTS;SEASHELLS;10002.0;1
245000;;;AMETHYSTS;SEASHELLS;10002.0;8
245000;;;STARFRUIT;SEASHELLS;4986.0;8
245100;;;STARFRUIT;SEASHELLS;4981.0;1
245200;;;STARFRUIT;SEASHELLS;4981.0;1
246100;;;AMETHYSTS;SEASHELLS;10002.0;3
246200;;;AMETHYSTS;SEASHELLS;10002.0;3
246500;;;STARFRUIT;SEASHELLS;4980.0;3
247100;;;AMETHYSTS;SEASHELLS;9998.0;1
247300;;;STARFRUIT;SEASHELLS;4979.0;1
247600;;;AMETHYSTS;SEASHELLS;9998.0;2
247600;;;STARFRUIT;SEASHELLS;4987.0;4
247600;;;AMETHYSTS;SEASHELLS;9998.0;1
247600;;;STARFRUIT;SEASHELLS;4980.0;1
247600;;;AMETHYSTS;SEASHELLS;9998.0;4
247700;;;AMETHYSTS;SEASHELLS;9996.0;2
247700;;;AMETHYSTS;SEASHELLS;9998.0;6
247700;;;STARFRUIT;SEASHELLS;4981.0;2
247900;;;AMETHYSTS;SEASHELLS;9996.0;9
247900;;;AMETHYSTS;SEASHELLS;9996.0;1
248100;;;STARFRUIT;SEASHELLS;4985.0;1
248300;;;STARFRUIT;SEASHELLS;4984.0;3
248400;;;AMETHYSTS;SEASHELLS;9996.0;1
248400;;;STARFRUIT;SEASHELLS;4980.0;16
248400;;;STARFRUIT;SEASHELLS;4980.0;1
248700;;;AMETHYSTS;SEASHELLS;9998.0;1
249000;;;AMETHYSTS;SEASHELLS;10002.0;1
249200;;;STARFRUIT;SEASHELLS;4984.0;9
249300;;;AMETHYSTS;SEASHELLS;9998.0;1
249400;;;STARFRUIT;SEASHELLS;4980.0;1
249400;;;AMETHYSTS;SEASHELLS;9998.0;1
249800;;;AMETHYSTS;SEASHELLS;10002.0;1
249900;;;AMETHYSTS;SEASHELLS;10002.0;1
249900;;;STARFRUIT;SEASHELLS;4985.0;1
250300;;;STARFRUIT;SEASHELLS;4985.0;2
250500;;;AMETHYSTS;SEASHELLS;10002.0;1
250500;;;AMETHYSTS;SEASHELLS;10005.0;2
250500;;;STARFRUIT;SEASHELLS;4988.0;2
250600;;;STARFRUIT;SEASHELLS;4987.0;1
250700;;;AMETHYSTS;SEASHELLS;9998.0;3
251100;;;AMETHYSTS;SEASHELLS;10002.0;5
251300;;;STARFRUIT;SEASHELLS;4982.0;1
251500;;;STARFRUIT;SEASHELLS;4989.0;4
251700;;;AMETHYSTS;SEASHELLS;9996.0;2
251700;;;AMETHYSTS;SEASHELLS;9996.0;2
251700;;;AMETHYSTS;SEASHELLS;9998.0;1
252300;;;AMETHYSTS;SEASHELLS;10002.0;5
252800;;;AMETHYSTS;SEASHELLS;9996.0;2
252800;;;STARFRUIT;SEASHELLS;4984.0;2
253400;;;STARFRUIT;SEASHELLS;4985.0;10
253500;;;STARFRUIT;SEASHELLS;4985.0;1
253500;;;AMETHYSTS;SEASHELLS;9996.0;1
253700;;;STARFRUIT;SEASHELLS;4986.0;1
253800;;;AMETHYSTS;SEASHELLS;10002.0;1
254000;;;STARFRUIT;SEASHELLS;4988.0;2
254000;;;STARFRUIT;SEASHELLS;4988.0;10
254000;;;AMETHYSTS;SEASHELLS;10005.0;2
254700;;;STARFRUIT;SEASHELLS;4994.0;1
254700;;;AMETHYSTS;SEASHELLS;10004.0;1
254800;;;AMETHYSTS;SEASHELLS;10002.0;1
255000;;;STARFRUIT;SEASHELLS;4987.0;1
255100;;;STARFRUIT;SEASHELLS;4988.0;2
255100;;;AMETHYSTS;SEASHELLS;9996.0;1
255400;;;STARFRUIT;SEASHELLS;4988.0;1
255700;;;STARFRUIT;SEASHELLS;4992.0;1
256000;;;STARFRUIT;SEASHELLS;4994.0;6
256000;;;STARFRUIT;SEASHELLS;4993.0;1
256000;;;STARFRUIT;SEASHELLS;4994.0;1
256200;;;STARFRUIT;SEASHELLS;4989.0;15
257000;;;AMETHYSTS;SEASHELLS;10002.0;1
257100;;;STARFRUIT;SEASHELLS;4991.0;1
257100;;;STARFRUIT;SEASHELLS;4991.0;1
257300;;;STARFRUIT;SEASHELLS;4995.0;5
257600;;;STARFRUIT;SEASHELLS;4991.0;1
257600;;;AMETHYSTS;SEASHELLS;9996.0;1
258000;;;AMETHYSTS;SEASHELLS;9998.0;1
258200;;;STARFRUIT;SEASHELLS;4990.0;2
258200;;;AMETHYSTS;SEASHELLS;9995.0;2
258400;;;AMETHYSTS;SEASHELLS;10005.0;5
259300;;;STARFRUIT;SEASHELLS;4991.0;1
259300;;;AMETHYSTS;SEASHELLS;9998.0;1
259500;;;STARFRUIT;SEASHELLS;4995.0;1
260000;;;AMETHYSTS;SEASHELLS;10002.0;1
260200;;;AMETHYSTS;SEASHELLS;9995.0;1
260200;;;STARFRUIT;SEASHELLS;4989.0;1
260300;;;STARFRUIT;SEASHELLS;4990.0;1
260300;;;AMETHYSTS;SEASHELLS;10002.0;1
260600;;;AMETHYSTS;SEASHELLS;10004.0;1
260600;;;STARFRUIT;SEASHELLS;4990.0;1
261000;;;STARFRUIT;SEASHELLS;4990.0;1
261200;;;AMETHYSTS;SEASHELLS;10002.0;1
261300;;;AMETHYSTS;SEASHELLS;10002.0;1
261500;;;STARFRUIT;SEASHELLS;4989.0;1
261500;;;AMETHYSTS;SEASHELLS;9998.0;1
261600;;;AMETHYSTS;SEASHELLS;10002.0;1
261800;;;STARFRUIT;SEASHELLS;4994.0;1
261900;;;STARFRUIT;SEASHELLS;4989.0;1
262200;;;STARFRUIT;SEASHELLS;4996.0;2
262200;;;AMETHYSTS;SEASHELLS;10005.0;2
262400;;;AMETHYSTS;SEASHELLS;10002.0;1
262500;;;AMETHYSTS;SEASHELLS;9998.0;2
262800;;;STARFRUIT;SEASHELLS;4990.0;1
262900;;;STARFRUIT;SEASHELLS;4996.0;1
263700;;;STARFRUIT;SEASHELLS;4991.0;1
263800;;;AMETHYSTS;SEASHELLS;10002.0;1
264500;;;STARFRUIT;SEASHELLS;4991.0;5
264700;;;AMETHYSTS;SEASHELLS;9998.0;1
265000;;;AMETHYSTS;SEASHELLS;9998.0;1
265700;;;STARFRUIT;SEASHELLS;4995.0;2
265700;;;STARFRUIT;SEASHELLS;4996.0;2
265700;;;AMETHYSTS;SEASHELLS;10004.0;2
265900;;;STARFRUIT;SEASHELLS;4992.0;1
265900;;;STARFRUIT;SEASHELLS;4994.0;1
265900;;;AMETHYSTS;SEASHELLS;10000.0;1
266000;;;AMETHYSTS;SEASHELLS;9998.0;3
266000;;;STARFRUIT;SEASHELLS;4990.0;1
266300;;;STARFRUIT;SEASHELLS;4989.0;1
266500;;;STARFRUIT;SEASHELLS;4995.0;1
266700;;;AMETHYSTS;SEASHELLS;10002.0;1
266800;;;STARFRUIT;SEASHELLS;4997.0;1
266800;;;AMETHYSTS;SEASHELLS;10004.0;1
267000;;;STARFRUIT;SEASHELLS;4991.0;1
267000;;;AMETHYSTS;SEASHELLS;10002.0;5
267600;;;AMETHYSTS;SEASHELLS;10002.0;1
267900;;;STARFRUIT;SEASHELLS;4994.0;1
268800;;;AMETHYSTS;SEASHELLS;10004.0;2
269000;;;STARFRUIT;SEASHELLS;4990.0;1
269000;;;STARFRUIT;SEASHELLS;4990.0;1
269000;;;AMETHYSTS;SEASHELLS;9996.0;1
269000;;;AMETHYSTS;SEASHELLS;9996.0;1
269200;;;STARFRUIT;SEASHELLS;4994.0;1
269200;;;AMETHYSTS;SEASHELLS;10002.0;8
269400;;;AMETHYSTS;SEASHELLS;9995.0;5
269700;;;AMETHYSTS;SEASHELLS;9998.0;1
269800;;;AMETHYSTS;SEASHELLS;10002.0;1
269800;;;STARFRUIT;SEASHELLS;4994.0;1
269800;;;AMETHYSTS;SEASHELLS;10002.0;2
269900;;;STARFRUIT;SEASHELLS;4994.0;1
270000;;;STARFRUIT;SEASHELLS;4988.0;4
270100;;;STARFRUIT;SEASHELLS;4989.0;1
270200;;;AMETHYSTS;SEASHELLS;9998.0;1
270300;;;STARFRUIT;SEASHELLS;4989.0;1
270400;;;AMETHYSTS;SEASHELLS;10005.0;5
270600;;;STARFRUIT;SEASHELLS;4994.0;1
270700;;;STARFRUIT;SEASHELLS;4989.0;1
270900;;;AMETHYSTS;SEASHELLS;10004.0;2
270900;;;STARFRUIT;SEASHELLS;4996.0;2
271200;;;STARFRUIT;SEASHELLS;4994.0;7
271600;;;AMETHYSTS;SEASHELLS;9998.0;1
271700;;;STARFRUIT;SEASHELLS;4989.0;1
271800;;;AMETHYSTS;SEASHELLS;10004.0;2
271900;;;STARFRUIT;SEASHELLS;4995.0;14
272100;;;STARFRUIT;SEASHELLS;4994.0;1
272200;;;STARFRUIT;SEASHELLS;4989.0;1
272300;;;AMETHYSTS;SEASHELLS;10002.0;2
272700;;;AMETHYSTS;SEASHELLS;9998.0;1
272800;;;AMETHYSTS;SEASHELLS;10004.0;1
272800;;;AMETHYSTS;SEASHELLS;10005.0;2
272800;;;STARFRUIT;SEASHELLS;4995.0;2
273400;;;AMETHYSTS;SEASHELLS;9996.0;2
273400;;;AMETHYSTS;SEASHELLS;9996.0;6
274200;;;STARFRUIT;SEASHELLS;4994.0;1
274600;;;STARFRUIT;SEASHELLS;4989.0;1
275000;;;STARFRUIT;SEASHELLS;4993.0;1
275600;;;AMETHYSTS;SEASHELLS;9998.0;1
275600;;;STARFRUIT;SEASHELLS;4993.0;3
276500;;;AMETHYSTS;SEASHELLS;9998.0;1
277000;;;STARFRUIT;SEASHELLS;4988.0;1
277000;;;STARFRUIT;SEASHELLS;4988.0;1
277000;;;AMETHYSTS;SEASHELLS;9996.0;2
278100;;;STARFRUIT;SEASHELLS;4991.0;1
278200;;;AMETHYSTS;SEASHELLS;9998.0;3
278200;;;STARFRUIT;SEASHELLS;4988.0;1
278500;;;AMETHYSTS;SEASHELLS;9996.0;1
278700;;;STARFRUIT;SEASHELLS;4991.0;3
278700;;;STARFRUIT;SEASHELLS;4991.0;8
279200;;;STARFRUIT;SEASHELLS;4987.0;4
279300;;;STARFRUIT;SEASHELLS;4986.0;1
279400;;;STARFRUIT;SEASHELLS;4985.0;2
279400;;;AMETHYSTS;SEASHELLS;9996.0;2
279400;;;AMETHYSTS;SEASHELLS;9995.0;2
279900;;;AMETHYSTS;SEASHELLS;9996.0;1
279900;;;STARFRUIT;SEASHELLS;4985.0;2
280200;;;STARFRUIT;SEASHELLS;4992.0;13
280400;;;STARFRUIT;SEASHELLS;4992.0;2
280400;;;AMETHYSTS;SEASHELLS;10004.0;2
280900;;;AMETHYSTS;SEASHELLS;10000.0;2
281100;;;AMETHYSTS;SEASHELLS;10002.0;5
282200;;;STARFRUIT;SEASHELLS;4984.0;1
282400;;;AMETHYSTS;SEASHELLS;10002.0;1
282500;;;AMETHYSTS;SEASHELLS;9995.0;2
283300;;;STARFRUIT;SEASHELLS;4992.0;2
283300;;;AMETHYSTS;SEASHELLS;10004.0;1
283300;;;AMETHYSTS;SEASHELLS;10004.0;1
283600;;;AMETHYSTS;SEASHELLS;10002.0;1
283700;;;AMETHYSTS;SEASHELLS;9998.0;1
284200;;;STARFRUIT;SEASHELLS;4992.0;10
284300;;;AMETHYSTS;SEASHELLS;9998.0;1
284500;;;STARFRUIT;SEASHELLS;4985.0;2
284500;;;AMETHYSTS;SEASHELLS;9996.0;2
285100;;;STARFRUIT;SEASHELLS;4986.0;1
285100;;;AMETHYSTS;SEASHELLS;9996.0;1
285300;;;STARFRUIT;SEASHELLS;4986.0;1
285700;;;AMETHYSTS;SEASHELLS;9996.0;2
286000;;;AMETHYSTS;SEASHELLS;9998.0;1
286000;;;STARFRUIT;SEASHELLS;4991.0;2
288100;;;AMETHYSTS;SEASHELLS;10002.0;4
288100;;;AMETHYSTS;SEASHELLS;10002.0;1
288100;;;STARFRUIT;SEASHELLS;4984.0;1
288600;;;STARFRUIT;SEASHELLS;4984.0;1
288900;;;STARFRUIT;SEASHELLS;4988.0;1
288900;;;STARFRUIT;SEASHELLS;4989.0;1
288900;;;AMETHYSTS;SEASHELLS;10004.0;1
289400;;;STARFRUIT;SEASHELLS;4989.0;1
289400;;;STARFRUIT;SEASHELLS;4984.0;7
289700;;;STARFRUIT;SEASHELLS;4984.0;5
289800;;;AMETHYSTS;SEASHELLS;10004.0;2
290200;;;STARFRUIT;SEASHELLS;4988.0;1
290300;;;STARFRUIT;SEASHELLS;4990.0;1
290300;;;AMETHYSTS;SEASHELLS;9998.0;1
291400;;;AMETHYSTS;SEASHELLS;9995.0;4
291400;;;STARFRUIT;SEASHELLS;4986.0;1
291500;;;AMETHYSTS;SEASHELLS;9998.0;1
291700;;;STARFRUIT;SEASHELLS;4987.0;1
291700;;;AMETHYSTS;SEASHELLS;9998.0;1
292200;;;AMETHYSTS;SEASHELLS;10002.0;1
292300;;;STARFRUIT;SEASHELLS;4988.0;2
292300;;;AMETHYSTS;SEASHELLS;9996.0;2
292400;;;AMETHYSTS;SEASHELLS;10002.0;1
292500;;;AMETHYSTS;SEASHELLS;10002.0;3
292500;;;AMETHYSTS;SEASHELLS;10002.0;2
292600;;;STARFRUIT;SEASHELLS;4995.0;6
292600;;;STARFRUIT;SEASHELLS;4995.0;1
292800;;;STARFRUIT;SEASHELLS;4989.0;1
292800;;;AMETHYSTS;SEASHELLS;10002.0;1
293000;;;STARFRUIT;SEASHELLS;4995.0;16
293000;;;STARFRUIT;SEASHELLS;4988.0;1
293100;;;STARFRUIT;SEASHELLS;4989.0;1
293400;;;STARFRUIT;SEASHELLS;4988.0;1
293400;;;STARFRUIT;SEASHELLS;4989.0;5
293600;;;STARFRUIT;SEASHELLS;4988.0;1
293700;;;AMETHYSTS;SEASHELLS;10002.0;1
294000;;;STARFRUIT;SEASHELLS;4988.0;9
294200;;;STARFRUIT;SEASHELLS;4988.0;1
294200;;;STARFRUIT;SEASHELLS;4988.0;4
294300;;;STARFRUIT;SEASHELLS;4993.0;11
294900;;;AMETHYSTS;SEASHELLS;9995.0;1
294900;;;STARFRUIT;SEASHELLS;4988.0;1
295300;;;STARFRUIT;SEASHELLS;4989.0;1
295700;;;AMETHYSTS;SEASHELLS;10004.0;1
295700;;;STARFRUIT;SEASHELLS;4995.0;2
295800;;;AMETHYSTS;SEASHELLS;10002.0;1
295800;;;STARFRUIT;SEASHELLS;4988.0;1
296100;;;STARFRUIT;SEASHELLS;4990.0;1
296200;;;AMETHYSTS;SEASHELLS;10002.0;1
296300;;;STARFRUIT;SEASHELLS;4993.0;1
296400;;;AMETHYSTS;SEASHELLS;9998.0;5
296700;;;STARFRUIT;SEASHELLS;4992.0;8
297000;;;STARFRUIT;SEASHELLS;4988.0;2
297100;;;STARFRUIT;SEASHELLS;4992.0;1
297300;;;AMETHYSTS;SEASHELLS;10004.0;2
297400;;;STARFRUIT;SEASHELLS;4994.0;2
297400;;;AMETHYSTS;SEASHELLS;9998.0;2
297400;;;STARFRUIT;SEASHELLS;4987.0;1
297400;;;STARFRUIT;SEASHELLS;4993.0;1
297700;;;AMETHYSTS;SEASHELLS;10002.0;1
297800;;;AMETHYSTS;SEASHELLS;10002.0;3
298100;;;STARFRUIT;SEASHELLS;4990.0;2
298100;;;AMETHYSTS;SEASHELLS;9998.0;2
298600;;;STARFRUIT;SEASHELLS;4990.0;1
298800;;;STARFRUIT;SEASHELLS;4996.0;1
298900;;;STARFRUIT;SEASHELLS;4996.0;1
299500;;;AMETHYSTS;SEASHELLS;9995.0;5
299600;;;STARFRUIT;SEASHELLS;4996.0;1
299700;;;STARFRUIT;SEASHELLS;4996.0;1
300700;;;STARFRUIT;SEASHELLS;4992.0;6
300800;;;STARFRUIT;SEASHELLS;4999.0;1
300800;;;AMETHYSTS;SEASHELLS;10005.0;1
301100;;;STARFRUIT;SEASHELLS;4993.0;1
301400;;;AMETHYSTS;SEASHELLS;10005.0;2
301400;;;STARFRUIT;SEASHELLS;4998.0;2
301500;;;AMETHYSTS;SEASHELLS;10002.0;1
301900;;;STARFRUIT;SEASHELLS;4996.0;8
301900;;;STARFRUIT;SEASHELLS;4998.0;20
302100;;;STARFRUIT;SEASHELLS;4996.0;1
302100;;;STARFRUIT;SEASHELLS;4997.0;1
302100;;;AMETHYSTS;SEASHELLS;10004.0;1
302400;;;AMETHYSTS;SEASHELLS;9998.0;1
302400;;;AMETHYSTS;SEASHELLS;9998.0;4
302500;;;AMETHYSTS;SEASHELLS;9998.0;1
302900;;;STARFRUIT;SEASHELLS;4990.0;1
303100;;;STARFRUIT;SEASHELLS;4990.0;1
303100;;;AMETHYSTS;SEASHELLS;10005.0;2
303100;;;STARFRUIT;SEASHELLS;4997.0;2
303400;;;STARFRUIT;SEASHELLS;4991.0;5
303600;;;STARFRUIT;SEASHELLS;4991.0;1
303600;;;AMETHYSTS;SEASHELLS;9998.0;5
303700;;;AMETHYSTS;SEASHELLS;10002.0;1
303900;;;STARFRUIT;SEASHELLS;4991.0;17
304100;;;STARFRUIT;SEASHELLS;4992.0;5
305100;;;AMETHYSTS;SEASHELLS;9998.0;1
305600;;;STARFRUIT;SEASHELLS;4996.0;12
305900;;;AMETHYSTS;SEASHELLS;10002.0;3
306000;;;STARFRUIT;SEASHELLS;4989.0;1
306300;;;AMETHYSTS;SEASHELLS;9998.0;1
306700;;;AMETHYSTS;SEASHELLS;9998.0;2
307400;;;AMETHYSTS;SEASHELLS;9998.0;1
307500;;;STARFRUIT;SEASHELLS;4989.0;1
307900;;;STARFRUIT;SEASHELLS;4997.0;1
307900;;;AMETHYSTS;SEASHELLS;10004.0;1
308000;;;AMETHYSTS;SEASHELLS;10002.0;1
308200;;;AMETHYSTS;SEASHELLS;9996.0;1
308200;;;STARFRUIT;SEASHELLS;4990.0;1
308300;;;AMETHYSTS;SEASHELLS;10002.0;1
308300;;;STARFRUIT;SEASHELLS;4990.0;1
308500;;;STARFRUIT;SEASHELLS;4991.0;1
308600;;;STARFRUIT;SEASHELLS;4992.0;5
308600;;;STARFRUIT;SEASHELLS;4991.0;1
309200;;;STARFRUIT;SEASHELLS;4991.0;1
309600;;;STARFRUIT;SEASHELLS;4991.0;2
309600;;;AMETHYSTS;SEASHELLS;9998.0;2
309800;;;AMETHYSTS;SEASHELLS;9998.0;1
310600;;;AMETHYSTS;SEASHELLS;10002.0;1
310800;;;STARFRUIT;SEASHELLS;4994.0;1
310900;;;AMETHYSTS;SEASHELLS;10004.0;2
311100;;;STARFRUIT;SEASHELLS;4988.0;1
311700;;;STARFRUIT;SEASHELLS;4988.0;2
311700;;;AMETHYSTS;SEASHELLS;9996.0;2
312300;;;STARFRUIT;SEASHELLS;4990.0;2
312300;;;AMETHYSTS;SEASHELLS;9996.0;2
312500;;;STARFRUIT;SEASHELLS;4995.0;1
312600;;;AMETHYSTS;SEASHELLS;10004.0;2
312600;;;AMETHYSTS;SEASHELLS;10004.0;8
313100;;;AMETHYSTS;SEASHELLS;9996.0;1
313100;;;AMETHYSTS;SEASHELLS;9996.0;2
313100;;;STARFRUIT;SEASHELLS;4990.0;1
313200;;;STARFRUIT;SEASHELLS;4990.0;1
313600;;;AMETHYSTS;SEASHELLS;10005.0;5
313700;;;AMETHYSTS;SEASHELLS;9998.0;2
313700;;;AMETHYSTS;SEASHELLS;9998.0;2
314000;;;AMETHYSTS;SEASHELLS;10002.0;1
314100;;;AMETHYSTS;SEASHELLS;10002.0;1
314200;;;STARFRUIT;SEASHELLS;4994.0;1
314700;;;AMETHYSTS;SEASHELLS;10002.0;1
314700;;;STARFRUIT;SEASHELLS;4992.0;2
315300;;;AMETHYSTS;SEASHELLS;10002.0;5
315500;;;AMETHYSTS;SEASHELLS;9998.0;2
315800;;;STARFRUIT;SEASHELLS;4998.0;1
315800;;;AMETHYSTS;SEASHELLS;10002.0;1
315800;;;STARFRUIT;SEASHELLS;4999.0;1
316000;;;STARFRUIT;SEASHELLS;4993.0;2
316200;;;AMETHYSTS;SEASHELLS;10004.0;2
316200;;;STARFRUIT;SEASHELLS;4999.0;2
316600;;;STARFRUIT;SEASHELLS;5000.0;1
316600;;;AMETHYSTS;SEASHELLS;10005.0;1
316800;;;STARFRUIT;SEASHELLS;4994.0;1
316900;;;STARFRUIT;SEASHELLS;4999.0;1
317400;;;STARFRUIT;SEASHELLS;4993.0;1
317600;;;STARFRUIT;SEASHELLS;4994.0;5
317700;;;AMETHYSTS;SEASHELLS;10002.0;1
317800;;;AMETHYSTS;SEASHELLS;9998.0;3
318000;;;AMETHYSTS;SEASHELLS;9998.0;1
318400;;;STARFRUIT;SEASHELLS;4997.0;15
318600;;;AMETHYSTS;SEASHELLS;10002.0;2
318700;;;STARFRUIT;SEASHELLS;4996.0;1
319000;;;AMETHYSTS;SEASHELLS;9998.0;1
319000;;;STARFRUIT;SEASHELLS;4998.0;4
319500;;;STARFRUIT;SEASHELLS;4992.0;1
319800;;;AMETHYSTS;SEASHELLS;10002.0;1
320100;;;AMETHYSTS;SEASHELLS;9998.0;1
320200;;;STARFRUIT;SEASHELLS;4991.0;6
320300;;;AMETHYSTS;SEASHELLS;10004.0;1
320300;;;STARFRUIT;SEASHELLS;4997.0;1
320500;;;STARFRUIT;SEASHELLS;4991.0;1
320900;;;AMETHYSTS;SEASHELLS;10005.0;3
321100;;;STARFRUIT;SEASHELLS;4992.0;9
321100;;;STARFRUIT;SEASHELLS;4992.0;1
321300;;;STARFRUIT;SEASHELLS;4998.0;2
321300;;;AMETHYSTS;SEASHELLS;10004.0;2
321600;;;STARFRUIT;SEASHELLS;4993.0;1
321800;;;STARFRUIT;SEASHELLS;4993.0;1
321900;;;AMETHYSTS;SEASHELLS;9996.0;1
321900;;;STARFRUIT;SEASHELLS;4993.0;1
322000;;;STARFRUIT;SEASHELLS;4994.0;1
322100;;;STARFRUIT;SEASHELLS;4994.0;1
322500;;;STARFRUIT;SEASHELLS;4994.0;1
322900;;;STARFRUIT;SEASHELLS;4993.0;1
324100;;;AMETHYSTS;SEASHELLS;9998.0;2
324100;;;STARFRUIT;SEASHELLS;4995.0;2
324200;;;AMETHYSTS;SEASHELLS;9998.0;1
324300;;;STARFRUIT;SEASHELLS;4997.0;1
324500;;;STARFRUIT;SEASHELLS;4993.0;2
324600;;;AMETHYSTS;SEASHELLS;9995.0;6
325000;;;AMETHYSTS;SEASHELLS;10005.0;5
325100;;;STARFRUIT;SEASHELLS;4992.0;1
325100;;;AMETHYSTS;SEASHELLS;9996.0;1
325500;;;STARFRUIT;SEASHELLS;4993.0;1
325500;;;STARFRUIT;SEASHELLS;4993.0;4
325900;;;STARFRUIT;SEASHELLS;4998.0;2
326000;;;AMETHYSTS;SEASHELLS;9996.0;2
326200;;;STARFRUIT;SEASHELLS;4991.0;1
326300;;;STARFRUIT;SEASHELLS;4991.0;1
326400;;;STARFRUIT;SEASHELLS;4996.0;1
326600;;;STARFRUIT;SEASHELLS;4992.0;3
326600;;;STARFRUIT;SEASHELLS;4992.0;1
326900;;;AMETHYSTS;SEASHELLS;10002.0;1
326900;;;STARFRUIT;SEASHELLS;4992.0;1
327100;;;AMETHYSTS;SEASHELLS;10002.0;2
327400;;;STARFRUIT;SEASHELLS;4995.0;8
327500;;;STARFRUIT;SEASHELLS;4995.0;8
327500;;;STARFRUIT;SEASHELLS;4995.0;9
327700;;;STARFRUIT;SEASHELLS;4991.0;1
327800;;;AMETHYSTS;SEASHELLS;9996.0;1
327800;;;STARFRUIT;SEASHELLS;4993.0;1
328400;;;STARFRUIT;SEASHELLS;4991.0;1
328600;;;STARFRUIT;SEASHELLS;4997.0;1
329000;;;STARFRUIT;SEASHELLS;4997.0;1
329100;;;AMETHYSTS;SEASHELLS;10005.0;10
329300;;;AMETHYSTS;SEASHELLS;9998.0;1
329700;;;AMETHYSTS;SEASHELLS;9998.0;1
329800;;;AMETHYSTS;SEASHELLS;10004.0;3
329800;;;AMETHYSTS;SEASHELLS;10004.0;1
330400;;;STARFRUIT;SEASHELLS;4993.0;1
330600;;;AMETHYSTS;SEASHELLS;9998.0;2
330600;;;AMETHYSTS;SEASHELLS;9998.0;3
331000;;;STARFRUIT;SEASHELLS;4994.0;1
331100;;;AMETHYSTS;SEASHELLS;10002.0;1
331200;;;AMETHYSTS;SEASHELLS;10002.0;1
331300;;;STARFRUIT;SEASHELLS;4992.0;1
331400;;;AMETHYSTS;SEASHELLS;9998.0;1
331700;;;AMETHYSTS;SEASHELLS;9998.0;1
331800;;;STARFRUIT;SEASHELLS;4992.0;1
331800;;;AMETHYSTS;SEASHELLS;9998.0;1
331800;;;AMETHYSTS;SEASHELLS;10000.0;1
332000;;;STARFRUIT;SEASHELLS;4995.0;3
332300;;;STARFRUIT;SEASHELLS;5000.0;20
332500;;;AMETHYSTS;SEASHELLS;10002.0;1
332800;;;STARFRUIT;SEASHELLS;5000.0;11
333100;;;AMETHYSTS;SEASHELLS;10004.0;2
333100;;;STARFRUIT;SEASHELLS;4999.0;2
333300;;;STARFRUIT;SEASHELLS;4993.0;1
333500;;;AMETHYSTS;SEASHELLS;9995.0;9
333900;;;AMETHYSTS;SEASHELLS;10002.0;2
333900;;;STARFRUIT;SEASHELLS;4997.0;3
334100;;;STARFRUIT;SEASHELLS;4993.0;1
334300;;;STARFRUIT;SEASHELLS;4994.0;1
334500;;;STARFRUIT;SEASHELLS;4993.0;1
334800;;;STARFRUIT;SEASHELLS;4996.0;2
335000;;;STARFRUIT;SEASHELLS;4999.0;1
335200;;;STARFRUIT;SEASHELLS;4996.0;1
335300;;;AMETHYSTS;SEASHELLS;9998.0;1
335400;;;AMETHYSTS;SEASHELLS;10002.0;1
335400;;;STARFRUIT;SEASHELLS;4999.0;9
335800;;;AMETHYSTS;SEASHELLS;9998.0;1
336000;;;AMETHYSTS;SEASHELLS;9995.0;8
336200;;;AMETHYSTS;SEASHELLS;9998.0;1
336200;;;STARFRUIT;SEASHELLS;5003.0;1
336400;;;STARFRUIT;SEASHELLS;5006.0;1
336500;;;AMETHYSTS;SEASHELLS;9998.0;3
336600;;;STARFRUIT;SEASHELLS;5000.0;17
336600;;;STARFRUIT;SEASHELLS;5001.0;2
336600;;;AMETHYSTS;SEASHELLS;9996.0;2
336700;;;STARFRUIT;SEASHELLS;5000.0;1
336800;;;AMETHYSTS;SEASHELLS;9996.0;1
336800;;;AMETHYSTS;SEASHELLS;9996.0;2
336800;;;AMETHYSTS;SEASHELLS;9998.0;1
337100;;;AMETHYSTS;SEASHELLS;9998.0;1
337200;;;STARFRUIT;SEASHELLS;5001.0;2
337200;;;AMETHYSTS;SEASHELLS;9998.0;2
337200;;;AMETHYSTS;SEASHELLS;9998.0;2
337400;;;STARFRUIT;SEASHELLS;5002.0;2
337500;;;AMETHYSTS;SEASHELLS;10002.0;5
337600;;;AMETHYSTS;SEASHELLS;9996.0;1
337600;;;STARFRUIT;SEASHELLS;5001.0;1
337900;;;STARFRUIT;SEASHELLS;5000.0;1
338300;;;STARFRUIT;SEASHELLS;5005.0;1
338300;;;AMETHYSTS;SEASHELLS;10004.0;1
338300;;;STARFRUIT;SEASHELLS;4999.0;1
338600;;;STARFRUIT;SEASHELLS;5003.0;1
339000;;;AMETHYSTS;SEASHELLS;9998.0;1
339600;;;STARFRUIT;SEASHELLS;5002.0;1
339900;;;AMETHYSTS;SEASHELLS;9998.0;1
340100;;;STARFRUIT;SEASHELLS;5002.0;1
340500;;;STARFRUIT;SEASHELLS;5002.0;1
340700;;;AMETHYSTS;SEASHELLS;9996.0;2
340700;;;AMETHYSTS;SEASHELLS;9996.0;2
340700;;;AMETHYSTS;SEASHELLS;9996.0;8
341000;;;AMETHYSTS;SEASHELLS;10004.0;2
341200;;;AMETHYSTS;SEASHELLS;9996.0;1
341200;;;AMETHYSTS;SEASHELLS;9996.0;1
341300;;;STARFRUIT;SEASHELLS;5001.0;1
341300;;;AMETHYSTS;SEASHELLS;10002.0;1
341400;;;AMETHYSTS;SEASHELLS;9998.0;1
341400;;;STARFRUIT;SEASHELLS;4996.0;1
341900;;;AMETHYSTS;SEASHELLS;9998.0;1
342100;;;STARFRUIT;SEASHELLS;4996.0;1
342300;;;STARFRUIT;SEASHELLS;4995.0;1
342900;;;STARFRUIT;SEASHELLS;4998.0;2
342900;;;STARFRUIT;SEASHELLS;4998.0;2
342900;;;AMETHYSTS;SEASHELLS;10005.0;2
343500;;;STARFRUIT;SEASHELLS;4997.0;1
343700;;;STARFRUIT;SEASHELLS;4997.0;1
343700;;;AMETHYSTS;SEASHELLS;10002.0;1
344100;;;AMETHYSTS;SEASHELLS;10002.0;1
344100;;;STARFRUIT;SEASHELLS;5000.0;1
344200;;;AMETHYSTS;SEASHELLS;9996.0;2
344300;;;AMETHYSTS;SEASHELLS;10002.0;1
344600;;;STARFRUIT;SEASHELLS;4996.0;2
344800;;;STARFRUIT;SEASHELLS;5001.0;1
345000;;;STARFRUIT;SEASHELLS;4995.0;8
345100;;;STARFRUIT;SEASHELLS;4995.0;1
345400;;;AMETHYSTS;SEASHELLS;9998.0;1
345500;;;AMETHYSTS;SEASHELLS;9998.0;1
345800;;;AMETHYSTS;SEASHELLS;9996.0;1
345800;;;AMETHYSTS;SEASHELLS;9996.0;5
345900;;;STARFRUIT;SEASHELLS;4996.0;1
346200;;;AMETHYSTS;SEASHELLS;9996.0;6
346200;;;AMETHYSTS;SEASHELLS;9996.0;1
346400;;;AMETHYSTS;SEASHELLS;10002.0;1
346600;;;AMETHYSTS;SEASHELLS;10004.0;1
347100;;;AMETHYSTS;SEASHELLS;9998.0;1
347300;;;STARFRUIT;SEASHELLS;4996.0;1
347500;;;STARFRUIT;SEASHELLS;4999.0;2
347500;;;AMETHYSTS;SEASHELLS;10002.0;2
347800;;;STARFRUIT;SEASHELLS;4993.0;1
348300;;;STARFRUIT;SEASHELLS;4994.0;2
348600;;;STARFRUIT;SEASHELLS;5000.0;11
348800;;;STARFRUIT;SEASHELLS;4994.0;1
349000;;;STARFRUIT;SEASHELLS;4993.0;1
349100;;;STARFRUIT;SEASHELLS;4997.0;1
349200;;;STARFRUIT;SEASHELLS;4993.0;1
349400;;;AMETHYSTS;SEASHELLS;10004.0;6
349400;;;STARFRUIT;SEASHELLS;4999.0;1
349400;;;AMETHYSTS;SEASHELLS;10004.0;1
349500;;;STARFRUIT;SEASHELLS;4999.0;1
349600;;;AMETHYSTS;SEASHELLS;9996.0;1
349600;;;STARFRUIT;SEASHELLS;4993.0;1
349900;;;STARFRUIT;SEASHELLS;5000.0;1
350100;;;STARFRUIT;SEASHELLS;4999.0;12
350400;;;AMETHYSTS;SEASHELLS;10002.0;3
350400;;;AMETHYSTS;SEASHELLS;10002.0;3
350400;;;STARFRUIT;SEASHELLS;4995.0;1
350700;;;AMETHYSTS;SEASHELLS;9998.0;5
350800;;;STARFRUIT;SEASHELLS;4994.0;2
350800;;;AMETHYSTS;SEASHELLS;9996.0;2
350800;;;STARFRUIT;SEASHELLS;4995.0;1
350900;;;AMETHYSTS;SEASHELLS;10002.0;1
351000;;;STARFRUIT;SEASHELLS;4999.0;1
351000;;;AMETHYSTS;SEASHELLS;9998.0;1
351400;;;STARFRUIT;SEASHELLS;5001.0;2
351400;;;AMETHYSTS;SEASHELLS;10005.0;2
351500;;;STARFRUIT;SEASHELLS;4994.0;1
351800;;;STARFRUIT;SEASHELLS;4999.0;2
351800;;;STARFRUIT;SEASHELLS;4999.0;7
351800;;;AMETHYSTS;SEASHELLS;10004.0;4
351800;;;AMETHYSTS;SEASHELLS;10002.0;2
351800;;;AMETHYSTS;SEASHELLS;10004.0;2
352200;;;AMETHYSTS;SEASHELLS;10002.0;1
352800;;;STARFRUIT;SEASHELLS;4992.0;1
352900;;;STARFRUIT;SEASHELLS;4997.0;1
353100;;;STARFRUIT;SEASHELLS;4992.0;1
353100;;;AMETHYSTS;SEASHELLS;9996.0;1
353200;;;AMETHYSTS;SEASHELLS;10002.0;1
353200;;;AMETHYSTS;SEASHELLS;10002.0;0
353200;;;STARFRUIT;SEASHELLS;4992.0;20
353200;;;AMETHYSTS;SEASHELLS;10002.0;6
353200;;;AMETHYSTS;SEASHELLS;10002.0;1
353600;;;AMETHYSTS;SEASHELLS;9995.0;2
353600;;;STARFRUIT;SEASHELLS;4993.0;2
354100;;;STARFRUIT;SEASHELLS;4998.0;12
354200;;;STARFRUIT;SEASHELLS;4997.0;1
354200;;;AMETHYSTS;SEASHELLS;10000.0;1
354300;;;STARFRUIT;SEASHELLS;4998.0;1
354300;;;AMETHYSTS;SEASHELLS;10002.0;3
354700;;;STARFRUIT;SEASHELLS;4998.0;1
354800;;;STARFRUIT;SEASHELLS;4994.0;3
355100;;;STARFRUIT;SEASHELLS;4992.0;2
355100;;;AMETHYSTS;SEASHELLS;9996.0;1
355300;;;STARFRUIT;SEASHELLS;4997.0;1
355500;;;AMETHYSTS;SEASHELLS;9998.0;1
356100;;;STARFRUIT;SEASHELLS;4993.0;1
356600;;;AMETHYSTS;SEASHELLS;10004.0;1
356600;;;AMETHYSTS;SEASHELLS;10002.0;1
356600;;;AMETHYSTS;SEASHELLS;10004.0;11
357200;;;STARFRUIT;SEASHELLS;4990.0;1
357500;;;AMETHYSTS;SEASHELLS;9995.0;5
358000;;;AMETHYSTS;SEASHELLS;9996.0;2
358300;;;STARFRUIT;SEASHELLS;4988.0;1
358400;;;AMETHYSTS;SEASHELLS;10002.0;7
358500;;;STARFRUIT;SEASHELLS;4987.0;1
358600;;;AMETHYSTS;SEASHELLS;10002.0;1
358600;;;STARFRUIT;SEASHELLS;4986.0;1
359200;;;STARFRUIT;SEASHELLS;4991.0;1
359200;;;STARFRUIT;SEASHELLS;4991.0;2
359200;;;STARFRUIT;SEASHELLS;4991.0;0
359200;;;STARFRUIT;SEASHELLS;4991.0;6
359300;;;AMETHYSTS;SEASHELLS;9995.0;6
359400;;;STARFRUIT;SEASHELLS;4993.0;8
359600;;;AMETHYSTS;SEASHELLS;10002.0;1
359800;;;STARFRUIT;SEASHELLS;4987.0;1
359900;;;STARFRUIT;SEASHELLS;4986.0;1
359900;;;AMETHYSTS;SEASHELLS;9996.0;1
360000;;;AMETHYSTS;SEASHELLS;9998.0;1
360400;;;AMETHYSTS;SEASHELLS;10002.0;1
360600;;;STARFRUIT;SEASHELLS;4990.0;1
360700;;;STARFRUIT;SEASHELLS;4990.0;4
360800;;;STARFRUIT;SEASHELLS;4991.0;8
360900;;;AMETHYSTS;SEASHELLS;9998.0;4
361300;;;AMETHYSTS;SEASHELLS;9996.0;1
361300;;;AMETHYSTS;SEASHELLS;9996.0;1
361300;;;STARFRUIT;SEASHELLS;4985.0;2
361700;;;STARFRUIT;SEASHELLS;4990.0;1
362200;;;STARFRUIT;SEASHELLS;4985.0;2
362500;;;AMETHYSTS;SEASHELLS;10002.0;1
362700;;;AMETHYSTS;SEASHELLS;10002.0;1
362800;;;AMETHYSTS;SEASHELLS;10002.0;5
362900;;;STARFRUIT;SEASHELLS;4991.0;1
363200;;;AMETHYSTS;SEASHELLS;10004.0;1
363200;;;AMETHYSTS;SEASHELLS;10004.0;1
363300;;;STARFRUIT;SEASHELLS;4990.0;1
364000;;;AMETHYSTS;SEASHELLS;10002.0;1
364100;;;STARFRUIT;SEASHELLS;4990.0;1
364600;;;STARFRUIT;SEASHELLS;4990.0;1
365000;;;STARFRUIT;SEASHELLS;4986.0;1
365300;;;AMETHYSTS;SEASHELLS;9998.0;5
365300;;;STARFRUIT;SEASHELLS;4992.0;12
365300;;;STARFRUIT;SEASHELLS;4991.0;1
365300;;;AMETHYSTS;SEASHELLS;9998.0;1
365500;;;STARFRUIT;SEASHELLS;4992.0;13
365900;;;STARFRUIT;SEASHELLS;4992.0;1
365900;;;AMETHYSTS;SEASHELLS;9998.0;5
366100;;;AMETHYSTS;SEASHELLS;9998.0;1
366500;;;AMETHYSTS;SEASHELLS;10002.0;1
366700;;;STARFRUIT;SEASHELLS;4986.0;1
367000;;;STARFRUIT;SEASHELLS;4987.0;1
367100;;;STARFRUIT;SEASHELLS;4987.0;1
367100;;;STARFRUIT;SEASHELLS;4993.0;16
367200;;;AMETHYSTS;SEASHELLS;10002.0;1
367300;;;STARFRUIT;SEASHELLS;4986.0;1
367900;;;STARFRUIT;SEASHELLS;4988.0;1
368000;;;STARFRUIT;SEASHELLS;4993.0;2
368000;;;AMETHYSTS;SEASHELLS;10005.0;2
368100;;;STARFRUIT;SEASHELLS;4991.0;1
368100;;;AMETHYSTS;SEASHELLS;10004.0;1
368100;;;AMETHYSTS;SEASHELLS;10002.0;1
368300;;;STARFRUIT;SEASHELLS;4988.0;3
368700;;;STARFRUIT;SEASHELLS;4986.0;1
368700;;;AMETHYSTS;SEASHELLS;9998.0;2
368800;;;STARFRUIT;SEASHELLS;4993.0;1
368800;;;AMETHYSTS;SEASHELLS;10004.0;1
369100;;;AMETHYSTS;SEASHELLS;10004.0;1
369100;;;STARFRUIT;SEASHELLS;4992.0;1
369300;;;STARFRUIT;SEASHELLS;4986.0;1
369400;;;STARFRUIT;SEASHELLS;4986.0;6
369400;;;STARFRUIT;SEASHELLS;4986.0;2
369700;;;AMETHYSTS;SEASHELLS;10002.0;4
369900;;;STARFRUIT;SEASHELLS;4991.0;1
370300;;;STARFRUIT;SEASHELLS;4985.0;13
370600;;;STARFRUIT;SEASHELLS;4990.0;1
370700;;;AMETHYSTS;SEASHELLS;10002.0;1
370800;;;AMETHYSTS;SEASHELLS;9998.0;1
370900;;;STARFRUIT;SEASHELLS;4986.0;1
370900;;;AMETHYSTS;SEASHELLS;9996.0;1
370900;;;AMETHYSTS;SEASHELLS;9996.0;1
370900;;;STARFRUIT;SEASHELLS;4986.0;2
371200;;;AMETHYSTS;SEASHELLS;9998.0;1
371300;;;STARFRUIT;SEASHELLS;4991.0;1
371400;;;AMETHYSTS;SEASHELLS;9998.0;5
371900;;;AMETHYSTS;SEASHELLS;9998.0;1
372200;;;AMETHYSTS;SEASHELLS;10002.0;5
372600;;;STARFRUIT;SEASHELLS;4985.0;1
372700;;;STARFRUIT;SEASHELLS;4992.0;2
372700;;;AMETHYSTS;SEASHELLS;10004.0;2
372900;;;STARFRUIT;SEASHELLS;4985.0;1
373500;;;STARFRUIT;SEASHELLS;4984.0;1
373500;;;AMETHYSTS;SEASHELLS;9995.0;1
373800;;;STARFRUIT;SEASHELLS;4990.0;1
374000;;;AMETHYSTS;SEASHELLS;10002.0;4
374300;;;AMETHYSTS;SEASHELLS;9998.0;1
374300;;;STARFRUIT;SEASHELLS;4985.0;1
374500;;;STARFRUIT;SEASHELLS;4984.0;20
374600;;;AMETHYSTS;SEASHELLS;9998.0;1
374700;;;STARFRUIT;SEASHELLS;4985.0;5
375200;;;STARFRUIT;SEASHELLS;4984.0;1
375300;;;AMETHYSTS;SEASHELLS;9996.0;1
375400;;;AMETHYSTS;SEASHELLS;10004.0;1
375400;;;STARFRUIT;SEASHELLS;4984.0;16
375500;;;STARFRUIT;SEASHELLS;4984.0;1
375900;;;STARFRUIT;SEASHELLS;4989.0;1
375900;;;AMETHYSTS;SEASHELLS;10002.0;2
376000;;;STARFRUIT;SEASHELLS;4990.0;1
376100;;;STARFRUIT;SEASHELLS;4990.0;1
376100;;;AMETHYSTS;SEASHELLS;10002.0;5
376300;;;STARFRUIT;SEASHELLS;4990.0;2
376300;;;AMETHYSTS;SEASHELLS;10004.0;2
376900;;;STARFRUIT;SEASHELLS;4988.0;1
376900;;;STARFRUIT;SEASHELLS;4988.0;11
377400;;;AMETHYSTS;SEASHELLS;9996.0;2
378000;;;STARFRUIT;SEASHELLS;4984.0;1
378300;;;AMETHYSTS;SEASHELLS;9998.0;1
378700;;;AMETHYSTS;SEASHELLS;10002.0;4
379200;;;STARFRUIT;SEASHELLS;4982.0;1
379300;;;STARFRUIT;SEASHELLS;4982.0;1
379400;;;STARFRUIT;SEASHELLS;4982.0;1
379600;;;STARFRUIT;SEASHELLS;4987.0;1
379700;;;AMETHYSTS;SEASHELLS;9996.0;1
379700;;;STARFRUIT;SEASHELLS;4981.0;2
379800;;;AMETHYSTS;SEASHELLS;10002.0;1
379800;;;STARFRUIT;SEASHELLS;4985.0;1
380400;;;STARFRUIT;SEASHELLS;4980.0;1
380700;;;STARFRUIT;SEASHELLS;4985.0;1
381000;;;AMETHYSTS;SEASHELLS;10004.0;2
381000;;;STARFRUIT;SEASHELLS;4980.0;2
381200;;;AMETHYSTS;SEASHELLS;10004.0;1
381200;;;STARFRUIT;SEASHELLS;4985.0;1
381200;;;STARFRUIT;SEASHELLS;4985.0;1
381200;;;AMETHYSTS;SEASHELLS;10002.0;1
381200;;;AMETHYSTS;SEASHELLS;10004.0;1
381500;;;STARFRUIT;SEASHELLS;4984.0;1
381700;;;AMETHYSTS;SEASHELLS;10002.0;1
382100;;;STARFRUIT;SEASHELLS;4986.0;10
382200;;;STARFRUIT;SEASHELLS;4983.0;1
382500;;;STARFRUIT;SEASHELLS;4977.0;1
382600;;;STARFRUIT;SEASHELLS;4978.0;1
383200;;;STARFRUIT;SEASHELLS;4983.0;3
383200;;;STARFRUIT;SEASHELLS;4983.0;1
383300;;;AMETHYSTS;SEASHELLS;10002.0;1
383300;;;STARFRUIT;SEASHELLS;4984.0;1
383600;;;AMETHYSTS;SEASHELLS;9996.0;1
383600;;;STARFRUIT;SEASHELLS;4980.0;1
383800;;;STARFRUIT;SEASHELLS;4981.0;1
384000;;;AMETHYSTS;SEASHELLS;9996.0;2
384100;;;AMETHYSTS;SEASHELLS;9998.0;3
384200;;;STARFRUIT;SEASHELLS;4982.0;2
384200;;;AMETHYSTS;SEASHELLS;9996.0;1
384400;;;STARFRUIT;SEASHELLS;4984.0;2
384500;;;AMETHYSTS;SEASHELLS;10002.0;1
384500;;;STARFRUIT;SEASHELLS;4987.0;1
384600;;;AMETHYSTS;SEASHELLS;9998.0;1
385400;;;STARFRUIT;SEASHELLS;4983.0;1
386000;;;AMETHYSTS;SEASHELLS;9998.0;1
386000;;;STARFRUIT;SEASHELLS;4988.0;1
386500;;;STARFRUIT;SEASHELLS;4987.0;1
386500;;;AMETHYSTS;SEASHELLS;10002.0;1
386500;;;AMETHYSTS;SEASHELLS;10002.0;3
386600;;;AMETHYSTS;SEASHELLS;9996.0;1
386600;;;STARFRUIT;SEASHELLS;4982.0;1
387000;;;STARFRUIT;SEASHELLS;4985.0;3
387300;;;STARFRUIT;SEASHELLS;4980.0;10
387600;;;STARFRUIT;SEASHELLS;4981.0;1
387600;;;AMETHYSTS;SEASHELLS;9998.0;1
387700;;;AMETHYSTS;SEASHELLS;9995.0;2
387700;;;STARFRUIT;SEASHELLS;4981.0;2
387700;;;STARFRUIT;SEASHELLS;4986.0;1
387900;;;STARFRUIT;SEASHELLS;4987.0;1
387900;;;AMETHYSTS;SEASHELLS;10005.0;1
389000;;;AMETHYSTS;SEASHELLS;9996.0;2
389000;;;STARFRUIT;SEASHELLS;4982.0;2
389500;;;STARFRUIT;SEASHELLS;4981.0;1
389700;;;AMETHYSTS;SEASHELLS;9998.0;1
389800;;;AMETHYSTS;SEASHELLS;9996.0;1
390100;;;STARFRUIT;SEASHELLS;4987.0;1
390200;;;STARFRUIT;SEASHELLS;4983.0;1
390400;;;STARFRUIT;SEASHELLS;4982.0;1
390400;;;STARFRUIT;SEASHELLS;4982.0;20
390400;;;STARFRUIT;SEASHELLS;0.0;2
390400;;;AMETHYSTS;SEASHELLS;10002.0;1
390500;;;STARFRUIT;SEASHELLS;4988.0;1
390700;;;AMETHYSTS;SEASHELLS;10002.0;1
391000;;;STARFRUIT;SEASHELLS;4988.0;1
391100;;;AMETHYSTS;SEASHELLS;9996.0;2
391100;;;STARFRUIT;SEASHELLS;4983.0;15
392000;;;STARFRUIT;SEASHELLS;4984.0;2
392000;;;STARFRUIT;SEASHELLS;4987.0;1
392100;;;STARFRUIT;SEASHELLS;4982.0;1
392300;;;AMETHYSTS;SEASHELLS;10005.0;2
392500;;;STARFRUIT;SEASHELLS;4989.0;8
393000;;;AMETHYSTS;SEASHELLS;9998.0;1
393100;;;AMETHYSTS;SEASHELLS;9998.0;1
393300;;;AMETHYSTS;SEASHELLS;10000.0;1
393300;;;AMETHYSTS;SEASHELLS;9998.0;1
393300;;;STARFRUIT;SEASHELLS;4980.0;1
393600;;;AMETHYSTS;SEASHELLS;9998.0;1
393800;;;STARFRUIT;SEASHELLS;4985.0;1
394100;;;STARFRUIT;SEASHELLS;4986.0;2
394200;;;STARFRUIT;SEASHELLS;4980.0;18
394500;;;AMETHYSTS;SEASHELLS;9996.0;1
394500;;;STARFRUIT;SEASHELLS;4979.0;1
394700;;;AMETHYSTS;SEASHELLS;10004.0;1
394700;;;STARFRUIT;SEASHELLS;4986.0;1
394900;;;AMETHYSTS;SEASHELLS;9998.0;1
396300;;;STARFRUIT;SEASHELLS;4986.0;7
396600;;;STARFRUIT;SEASHELLS;4985.0;1
396700;;;STARFRUIT;SEASHELLS;4980.0;2
396700;;;AMETHYSTS;SEASHELLS;9996.0;2
396800;;;AMETHYSTS;SEASHELLS;10002.0;2
396900;;;STARFRUIT;SEASHELLS;4984.0;4
397000;;;STARFRUIT;SEASHELLS;4985.0;1
397100;;;STARFRUIT;SEASHELLS;4979.0;1
397100;;;STARFRUIT;SEASHELLS;4979.0;6
397200;;;STARFRUIT;SEASHELLS;4978.0;1
397200;;;STARFRUIT;SEASHELLS;4978.0;10
397600;;;STARFRUIT;SEASHELLS;4978.0;5
397700;;;AMETHYSTS;SEASHELLS;10002.0;1
398000;;;STARFRUIT;SEASHELLS;4982.0;1
398200;;;STARFRUIT;SEASHELLS;4984.0;12
398300;;;STARFRUIT;SEASHELLS;4978.0;1
398500;;;STARFRUIT;SEASHELLS;4983.0;1
398800;;;STARFRUIT;SEASHELLS;4978.0;1
399200;;;AMETHYSTS;SEASHELLS;10002.0;3
400000;;;STARFRUIT;SEASHELLS;4984.0;12
400200;;;STARFRUIT;SEASHELLS;4978.0;1
400400;;;AMETHYSTS;SEASHELLS;9996.0;1
400400;;;STARFRUIT;SEASHELLS;4980.0;1
400500;;;AMETHYSTS;SEASHELLS;9998.0;1
400600;;;AMETHYSTS;SEASHELLS;10004.0;1
400600;;;STARFRUIT;SEASHELLS;4986.0;2
400600;;;AMETHYSTS;SEASHELLS;10004.0;1
400800;;;AMETHYSTS;SEASHELLS;10002.0;5
400800;;;STARFRUIT;SEASHELLS;4979.0;1
401500;;;AMETHYSTS;SEASHELLS;9998.0;3
401500;;;AMETHYSTS;SEASHELLS;9998.0;8
401600;;;AMETHYSTS;SEASHELLS;9998.0;1
401600;;;STARFRUIT;SEASHELLS;4987.0;9
402400;;;AMETHYSTS;SEASHELLS;9996.0;2
402500;;;STARFRUIT;SEASHELLS;4987.0;1
402600;;;STARFRUIT;SEASHELLS;4982.0;1
402800;;;AMETHYSTS;SEASHELLS;9998.0;1
402900;;;STARFRUIT;SEASHELLS;4989.0;2
402900;;;STARFRUIT;SEASHELLS;4989.0;19
402900;;;STARFRUIT;SEASHELLS;4989.0;6
403200;;;AMETHYSTS;SEASHELLS;10002.0;1
403800;;;STARFRUIT;SEASHELLS;4982.0;1
403800;;;AMETHYSTS;SEASHELLS;9998.0;1
403900;;;STARFRUIT;SEASHELLS;4986.0;1
404200;;;AMETHYSTS;SEASHELLS;10002.0;3
404900;;;AMETHYSTS;SEASHELLS;9998.0;2
404900;;;STARFRUIT;SEASHELLS;4981.0;2
405100;;;STARFRUIT;SEASHELLS;4980.0;1
405200;;;AMETHYSTS;SEASHELLS;9998.0;3
405900;;;AMETHYSTS;SEASHELLS;9998.0;1
406200;;;AMETHYSTS;SEASHELLS;10002.0;3
406600;;;STARFRUIT;SEASHELLS;4985.0;2
407500;;;AMETHYSTS;SEASHELLS;9995.0;1
407500;;;AMETHYSTS;SEASHELLS;9998.0;5
407500;;;AMETHYSTS;SEASHELLS;9998.0;1
407500;;;STARFRUIT;SEASHELLS;4987.0;1
407500;;;STARFRUIT;SEASHELLS;4986.0;1
407900;;;AMETHYSTS;SEASHELLS;9998.0;1
407900;;;STARFRUIT;SEASHELLS;4987.0;1
408600;;;AMETHYSTS;SEASHELLS;10002.0;1
409100;;;AMETHYSTS;SEASHELLS;9998.0;1
409200;;;AMETHYSTS;SEASHELLS;9998.0;1
409200;;;STARFRUIT;SEASHELLS;4983.0;1
410200;;;AMETHYSTS;SEASHELLS;9998.0;1
410600;;;AMETHYSTS;SEASHELLS;10004.0;2
410600;;;AMETHYSTS;SEASHELLS;10004.0;9
410700;;;AMETHYSTS;SEASHELLS;9998.0;1
410800;;;STARFRUIT;SEASHELLS;4983.0;1
411000;;;STARFRUIT;SEASHELLS;4984.0;1
411900;;;AMETHYSTS;SEASHELLS;9998.0;1
412000;;;AMETHYSTS;SEASHELLS;10002.0;3
412000;;;AMETHYSTS;SEASHELLS;10002.0;1
412100;;;AMETHYSTS;SEASHELLS;9998.0;1
412600;;;AMETHYSTS;SEASHELLS;9996.0;2
412900;;;AMETHYSTS;SEASHELLS;10004.0;1
413000;;;AMETHYSTS;SEASHELLS;10002.0;5
413100;;;AMETHYSTS;SEASHELLS;10002.0;1
413100;;;AMETHYSTS;SEASHELLS;9995.0;2
413100;;;STARFRUIT;SEASHELLS;4982.0;2
413300;;;AMETHYSTS;SEASHELLS;10002.0;1
413600;;;STARFRUIT;SEASHELLS;4982.0;1
413600;;;AMETHYSTS;SEASHELLS;10002.0;2
414000;;;AMETHYSTS;SEASHELLS;10005.0;1
414000;;;AMETHYSTS;SEASHELLS;9998.0;1
414000;;;AMETHYSTS;SEASHELLS;10004.0;2
414000;;;AMETHYSTS;SEASHELLS;10004.0;5
414000;;;STARFRUIT;SEASHELLS;4987.0;1
414400;;;STARFRUIT;SEASHELLS;4980.0;1
414900;;;STARFRUIT;SEASHELLS;4987.0;8
415100;;;STARFRUIT;SEASHELLS;4986.0;1
415100;;;AMETHYSTS;SEASHELLS;10002.0;3
415100;;;AMETHYSTS;SEASHELLS;10002.0;8
415800;;;AMETHYSTS;SEASHELLS;9995.0;6
416100;;;AMETHYSTS;SEASHELLS;9998.0;3
416100;;;AMETHYSTS;SEASHELLS;9998.0;2
416800;;;STARFRUIT;SEASHELLS;4989.0;1
416800;;;AMETHYSTS;SEASHELLS;10004.0;1
417200;;;STARFRUIT;SEASHELLS;4982.0;10
417800;;;AMETHYSTS;SEASHELLS;9998.0;1
417800;;;STARFRUIT;SEASHELLS;4981.0;1
417800;;;AMETHYSTS;SEASHELLS;9996.0;1
417900;;;AMETHYSTS;SEASHELLS;9998.0;1
418100;;;STARFRUIT;SEASHELLS;4981.0;1
418200;;;STARFRUIT;SEASHELLS;4981.0;1
418200;;;STARFRUIT;SEASHELLS;4985.0;2
418300;;;STARFRUIT;SEASHELLS;4981.0;1
418300;;;AMETHYSTS;SEASHELLS;10002.0;1
418500;;;AMETHYSTS;SEASHELLS;9998.0;1
418700;;;STARFRUIT;SEASHELLS;4987.0;2
418700;;;STARFRUIT;SEASHELLS;4984.0;6
418800;;;STARFRUIT;SEASHELLS;4988.0;1
419000;;;STARFRUIT;SEASHELLS;4987.0;1
419400;;;STARFRUIT;SEASHELLS;4985.0;3
420100;;;STARFRUIT;SEASHELLS;4989.0;1
420100;;;AMETHYSTS;SEASHELLS;10002.0;1
420200;;;AMETHYSTS;SEASHELLS;10005.0;11
420300;;;AMETHYSTS;SEASHELLS;10002.0;4
420500;;;STARFRUIT;SEASHELLS;4989.0;1
420600;;;STARFRUIT;SEASHELLS;4984.0;1
420600;;;AMETHYSTS;SEASHELLS;9996.0;1
421200;;;AMETHYSTS;SEASHELLS;10002.0;1
421500;;;AMETHYSTS;SEASHELLS;9998.0;1
421600;;;STARFRUIT;SEASHELLS;4990.0;1
421700;;;STARFRUIT;SEASHELLS;4988.0;3
421800;;;STARFRUIT;SEASHELLS;4984.0;1
421900;;;AMETHYSTS;SEASHELLS;10002.0;1
422000;;;STARFRUIT;SEASHELLS;4985.0;1
422100;;;STARFRUIT;SEASHELLS;4991.0;3
422200;;;STARFRUIT;SEASHELLS;4985.0;1
422500;;;STARFRUIT;SEASHELLS;4986.0;2
423200;;;STARFRUIT;SEASHELLS;4992.0;1
423900;;;STARFRUIT;SEASHELLS;4994.0;9
424000;;;AMETHYSTS;SEASHELLS;9998.0;5
424300;;;STARFRUIT;SEASHELLS;4987.0;1
424400;;;AMETHYSTS;SEASHELLS;9998.0;1
424400;;;AMETHYSTS;SEASHELLS;9998.0;9
424600;;;AMETHYSTS;SEASHELLS;10004.0;1
424600;;;STARFRUIT;SEASHELLS;4992.0;1
424600;;;AMETHYSTS;SEASHELLS;10002.0;1
424700;;;AMETHYSTS;SEASHELLS;10002.0;1
425000;;;AMETHYSTS;SEASHELLS;9996.0;1
425000;;;STARFRUIT;SEASHELLS;4991.0;1
425000;;;STARFRUIT;SEASHELLS;4991.0;1
425100;;;STARFRUIT;SEASHELLS;4991.0;1
425600;;;STARFRUIT;SEASHELLS;4986.0;2
425600;;;AMETHYSTS;SEASHELLS;10002.0;1
425600;;;AMETHYSTS;SEASHELLS;9995.0;2
425900;;;STARFRUIT;SEASHELLS;4986.0;1
426300;;;AMETHYSTS;SEASHELLS;9998.0;1
426400;;;AMETHYSTS;SEASHELLS;10002.0;5
426800;;;STARFRUIT;SEASHELLS;4987.0;1
426800;;;AMETHYSTS;SEASHELLS;9998.0;1
427200;;;AMETHYSTS;SEASHELLS;10002.0;1
427700;;;STARFRUIT;SEASHELLS;4992.0;9
427700;;;AMETHYSTS;SEASHELLS;9998.0;1
427800;;;AMETHYSTS;SEASHELLS;9996.0;2
427800;;;STARFRUIT;SEASHELLS;4986.0;2
428100;;;STARFRUIT;SEASHELLS;4992.0;2
428100;;;AMETHYSTS;SEASHELLS;10004.0;1
428200;;;STARFRUIT;SEASHELLS;4985.0;1
428300;;;STARFRUIT;SEASHELLS;4985.0;1
428400;;;STARFRUIT;SEASHELLS;4985.0;1
428700;;;AMETHYSTS;SEASHELLS;9995.0;11
428900;;;STARFRUIT;SEASHELLS;4989.0;1
429100;;;AMETHYSTS;SEASHELLS;10002.0;1
429300;;;STARFRUIT;SEASHELLS;4989.0;1
429800;;;AMETHYSTS;SEASHELLS;9998.0;1
429900;;;STARFRUIT;SEASHELLS;4987.0;3
430100;;;AMETHYSTS;SEASHELLS;10005.0;3
430300;;;STARFRUIT;SEASHELLS;4984.0;4
430500;;;AMETHYSTS;SEASHELLS;10002.0;1
431000;;;STARFRUIT;SEASHELLS;4982.0;1
431100;;;AMETHYSTS;SEASHELLS;10002.0;1
431100;;;AMETHYSTS;SEASHELLS;9998.0;5
431500;;;STARFRUIT;SEASHELLS;4982.0;1
431900;;;STARFRUIT;SEASHELLS;4981.0;1
432200;;;STARFRUIT;SEASHELLS;4982.0;1
432200;;;STARFRUIT;SEASHELLS;4982.0;12
432300;;;AMETHYSTS;SEASHELLS;10002.0;1
432400;;;STARFRUIT;SEASHELLS;4983.0;1
432600;;;STARFRUIT;SEASHELLS;4981.0;14
432700;;;AMETHYSTS;SEASHELLS;9998.0;1
432800;;;AMETHYSTS;SEASHELLS;9998.0;1
432800;;;AMETHYSTS;SEASHELLS;9998.0;1
433100;;;AMETHYSTS;SEASHELLS;10002.0;1
433200;;;STARFRUIT;SEASHELLS;4987.0;1
433300;;;AMETHYSTS;SEASHELLS;9998.0;1
433400;;;STARFRUIT;SEASHELLS;4988.0;1
433500;;;AMETHYSTS;SEASHELLS;10002.0;1
433900;;;STARFRUIT;SEASHELLS;4983.0;5
434000;;;AMETHYSTS;SEASHELLS;9998.0;8
434200;;;STARFRUIT;SEASHELLS;4983.0;1
434200;;;STARFRUIT;SEASHELLS;4988.0;11
434500;;;STARFRUIT;SEASHELLS;4988.0;1
434800;;;STARFRUIT;SEASHELLS;4985.0;5
434800;;;AMETHYSTS;SEASHELLS;10002.0;1
435200;;;STARFRUIT;SEASHELLS;4988.0;1
435400;;;AMETHYSTS;SEASHELLS;9995.0;6
435700;;;STARFRUIT;SEASHELLS;4983.0;3
436300;;;STARFRUIT;SEASHELLS;4986.0;1
436400;;;STARFRUIT;SEASHELLS;4986.0;1
436600;;;STARFRUIT;SEASHELLS;4981.0;1
437200;;;STARFRUIT;SEASHELLS;4985.0;1
437200;;;AMETHYSTS;SEASHELLS;10004.0;1
437400;;;AMETHYSTS;SEASHELLS;9998.0;2
437900;;;STARFRUIT;SEASHELLS;4980.0;1
438400;;;STARFRUIT;SEASHELLS;4987.0;1
438400;;;AMETHYSTS;SEASHELLS;10004.0;1
438800;;;AMETHYSTS;SEASHELLS;10002.0;1
439200;;;STARFRUIT;SEASHELLS;4988.0;11
439200;;;STARFRUIT;SEASHELLS;4988.0;1
439300;;;AMETHYSTS;SEASHELLS;9996.0;1
439300;;;STARFRUIT;SEASHELLS;4982.0;1
439400;;;STARFRUIT;SEASHELLS;4982.0;1
439500;;;STARFRUIT;SEASHELLS;4983.0;2
439700;;;AMETHYSTS;SEASHELLS;10002.0;1
439800;;;AMETHYSTS;SEASHELLS;9996.0;1
439800;;;AMETHYSTS;SEASHELLS;9996.0;7
439900;;;AMETHYSTS;SEASHELLS;10002.0;2
440100;;;STARFRUIT;SEASHELLS;4988.0;1
440300;;;AMETHYSTS;SEASHELLS;10004.0;1
440300;;;STARFRUIT;SEASHELLS;4987.0;1
440300;;;AMETHYSTS;SEASHELLS;10004.0;4
440600;;;STARFRUIT;SEASHELLS;4982.0;1
440700;;;STARFRUIT;SEASHELLS;4987.0;1
440700;;;AMETHYSTS;SEASHELLS;9996.0;2
440900;;;STARFRUIT;SEASHELLS;4982.0;1
441200;;;STARFRUIT;SEASHELLS;4983.0;2
441200;;;AMETHYSTS;SEASHELLS;10002.0;1
441200;;;AMETHYSTS;SEASHELLS;10002.0;1
441300;;;STARFRUIT;SEASHELLS;4990.0;2
441700;;;STARFRUIT;SEASHELLS;4983.0;4
441700;;;STARFRUIT;SEASHELLS;4983.0;6
441700;;;STARFRUIT;SEASHELLS;4983.0;2
441900;;;STARFRUIT;SEASHELLS;4987.0;3
442100;;;AMETHYSTS;SEASHELLS;10004.0;2
442100;;;STARFRUIT;SEASHELLS;4983.0;1
442100;;;AMETHYSTS;SEASHELLS;10004.0;3
442100;;;AMETHYSTS;SEASHELLS;10004.0;1
442300;;;STARFRUIT;SEASHELLS;4987.0;1
442300;;;AMETHYSTS;SEASHELLS;10002.0;1
442400;;;STARFRUIT;SEASHELLS;4982.0;1
442500;;;AMETHYSTS;SEASHELLS;9998.0;1
442900;;;AMETHYSTS;SEASHELLS;9998.0;1
443000;;;AMETHYSTS;SEASHELLS;10004.0;2
443100;;;AMETHYSTS;SEASHELLS;10002.0;1
443300;;;AMETHYSTS;SEASHELLS;10002.0;3
443500;;;AMETHYSTS;SEASHELLS;10002.0;1
443500;;;STARFRUIT;SEASHELLS;4983.0;1
444000;;;STARFRUIT;SEASHELLS;4986.0;1
444100;;;STARFRUIT;SEASHELLS;4981.0;2
444100;;;AMETHYSTS;SEASHELLS;9996.0;1
444100;;;AMETHYSTS;SEASHELLS;9998.0;1
444100;;;AMETHYSTS;SEASHELLS;9996.0;1
444200;;;AMETHYSTS;SEASHELLS;9998.0;1
444300;;;STARFRUIT;SEASHELLS;4987.0;2
444400;;;AMETHYSTS;SEASHELLS;10002.0;1
444400;;;STARFRUIT;SEASHELLS;4981.0;1
444500;;;STARFRUIT;SEASHELLS;4981.0;1
444500;;;AMETHYSTS;SEASHELLS;9998.0;1
444700;;;AMETHYSTS;SEASHELLS;9998.0;1
444800;;;STARFRUIT;SEASHELLS;4981.0;7
444900;;;STARFRUIT;SEASHELLS;4981.0;1
444900;;;AMETHYSTS;SEASHELLS;9998.0;1
445100;;;STARFRUIT;SEASHELLS;4982.0;2
445300;;;AMETHYSTS;SEASHELLS;9998.0;1
445400;;;STARFRUIT;SEASHELLS;4981.0;12
445400;;;STARFRUIT;SEASHELLS;4986.0;1
445600;;;AMETHYSTS;SEASHELLS;9998.0;1
446600;;;AMETHYSTS;SEASHELLS;9998.0;1
447000;;;AMETHYSTS;SEASHELLS;10002.0;1
447400;;;STARFRUIT;SEASHELLS;4988.0;5
447400;;;AMETHYSTS;SEASHELLS;10002.0;4
447400;;;STARFRUIT;SEASHELLS;4981.0;1
447700;;;STARFRUIT;SEASHELLS;4987.0;1
448300;;;STARFRUIT;SEASHELLS;4986.0;1
448500;;;AMETHYSTS;SEASHELLS;10005.0;2
448500;;;STARFRUIT;SEASHELLS;4987.0;2
448700;;;AMETHYSTS;SEASHELLS;10002.0;1
448800;;;AMETHYSTS;SEASHELLS;10002.0;5
448800;;;AMETHYSTS;SEASHELLS;10002.0;1
448900;;;STARFRUIT;SEASHELLS;4981.0;1
449400;;;AMETHYSTS;SEASHELLS;10002.0;3
449400;;;AMETHYSTS;SEASHELLS;10002.0;1
450000;;;STARFRUIT;SEASHELLS;4984.0;2
450000;;;STARFRUIT;SEASHELLS;4984.0;1
450100;;;AMETHYSTS;SEASHELLS;9995.0;2
450100;;;STARFRUIT;SEASHELLS;4983.0;2
450400;;;STARFRUIT;SEASHELLS;4987.0;1
450400;;;AMETHYSTS;SEASHELLS;10002.0;1
450500;;;STARFRUIT;SEASHELLS;4983.0;1
450800;;;AMETHYSTS;SEASHELLS;9996.0;2
451000;;;STARFRUIT;SEASHELLS;4983.0;1
451300;;;AMETHYSTS;SEASHELLS;9998.0;1
451300;;;STARFRUIT;SEASHELLS;4988.0;1
451500;;;STARFRUIT;SEASHELLS;4989.0;12
451600;;;AMETHYSTS;SEASHELLS;10002.0;1
451800;;;AMETHYSTS;SEASHELLS;9996.0;7
451800;;;AMETHYSTS;SEASHELLS;9996.0;1
451900;;;AMETHYSTS;SEASHELLS;10004.0;2
451900;;;AMETHYSTS;SEASHELLS;10004.0;9
452200;;;AMETHYSTS;SEASHELLS;9998.0;1
452200;;;AMETHYSTS;SEASHELLS;9998.0;2
452300;;;STARFRUIT;SEASHELLS;4983.0;1
452500;;;AMETHYSTS;SEASHELLS;9998.0;1
452600;;;STARFRUIT;SEASHELLS;4984.0;1
453100;;;STARFRUIT;SEASHELLS;4985.0;2
453200;;;AMETHYSTS;SEASHELLS;9998.0;1
453900;;;AMETHYSTS;SEASHELLS;10002.0;1
454300;;;AMETHYSTS;SEASHELLS;9998.0;1
454500;;;AMETHYSTS;SEASHELLS;9996.0;1
454500;;;STARFRUIT;SEASHELLS;4983.0;1
454800;;;STARFRUIT;SEASHELLS;4990.0;2
454800;;;AMETHYSTS;SEASHELLS;10004.0;2
455100;;;STARFRUIT;SEASHELLS;4985.0;1
455500;;;STARFRUIT;SEASHELLS;4985.0;1
455600;;;STARFRUIT;SEASHELLS;4984.0;1
455600;;;AMETHYSTS;SEASHELLS;9996.0;1
455800;;;STARFRUIT;SEASHELLS;4990.0;2
456000;;;AMETHYSTS;SEASHELLS;10004.0;1
456100;;;STARFRUIT;SEASHELLS;4983.0;1
456400;;;AMETHYSTS;SEASHELLS;9998.0;1
456700;;;AMETHYSTS;SEASHELLS;10002.0;1
456800;;;STARFRUIT;SEASHELLS;4987.0;3
456900;;;AMETHYSTS;SEASHELLS;10002.0;4
456900;;;AMETHYSTS;SEASHELLS;10002.0;1
457200;;;STARFRUIT;SEASHELLS;4985.0;8
458400;;;AMETHYSTS;SEASHELLS;10004.0;6
458400;;;AMETHYSTS;SEASHELLS;10004.0;1
458500;;;AMETHYSTS;SEASHELLS;10002.0;1
458600;;;STARFRUIT;SEASHELLS;4985.0;1
458800;;;AMETHYSTS;SEASHELLS;10002.0;1
459000;;;AMETHYSTS;SEASHELLS;9998.0;1
459200;;;STARFRUIT;SEASHELLS;4990.0;1
459300;;;STARFRUIT;SEASHELLS;4986.0;1
459700;;;AMETHYSTS;SEASHELLS;10002.0;1
460100;;;AMETHYSTS;SEASHELLS;10002.0;3
460500;;;STARFRUIT;SEASHELLS;4984.0;2
460600;;;STARFRUIT;SEASHELLS;4985.0;2
461100;;;STARFRUIT;SEASHELLS;4984.0;1
461300;;;STARFRUIT;SEASHELLS;4988.0;1
461400;;;AMETHYSTS;SEASHELLS;10002.0;5
461700;;;AMETHYSTS;SEASHELLS;9998.0;2
462100;;;AMETHYSTS;SEASHELLS;9998.0;3
462100;;;AMETHYSTS;SEASHELLS;9998.0;1
462200;;;AMETHYSTS;SEASHELLS;10002.0;1
462300;;;AMETHYSTS;SEASHELLS;10002.0;1
462600;;;STARFRUIT;SEASHELLS;4984.0;1
463200;;;AMETHYSTS;SEASHELLS;10002.0;1
463700;;;STARFRUIT;SEASHELLS;4991.0;1
463800;;;STARFRUIT;SEASHELLS;4992.0;1
463900;;;AMETHYSTS;SEASHELLS;10002.0;1
463900;;;STARFRUIT;SEASHELLS;4988.0;2
463900;;;AMETHYSTS;SEASHELLS;10005.0;7
464100;;;STARFRUIT;SEASHELLS;4987.0;1
464100;;;AMETHYSTS;SEASHELLS;9996.0;1
464500;;;STARFRUIT;SEASHELLS;4987.0;1
464500;;;AMETHYSTS;SEASHELLS;10000.0;1
464700;;;AMETHYSTS;SEASHELLS;10002.0;2
464900;;;AMETHYSTS;SEASHELLS;9998.0;1
465000;;;STARFRUIT;SEASHELLS;4985.0;1
465000;;;AMETHYSTS;SEASHELLS;10002.0;3
465200;;;STARFRUIT;SEASHELLS;4991.0;2
465200;;;AMETHYSTS;SEASHELLS;10004.0;2
465300;;;AMETHYSTS;SEASHELLS;10002.0;1
465500;;;AMETHYSTS;SEASHELLS;10004.0;5
465500;;;AMETHYSTS;SEASHELLS;10004.0;1
465500;;;STARFRUIT;SEASHELLS;4989.0;1
466100;;;AMETHYSTS;SEASHELLS;10002.0;1
466200;;;STARFRUIT;SEASHELLS;4983.0;2
466200;;;AMETHYSTS;SEASHELLS;9996.0;2
466300;;;STARFRUIT;SEASHELLS;4984.0;7
466800;;;STARFRUIT;SEASHELLS;4983.0;1
467100;;;STARFRUIT;SEASHELLS;4985.0;4
467100;;;STARFRUIT;SEASHELLS;4988.0;1
467600;;;AMETHYSTS;SEASHELLS;9995.0;10
468000;;;AMETHYSTS;SEASHELLS;9998.0;1
468000;;;STARFRUIT;SEASHELLS;4981.0;1
468500;;;STARFRUIT;SEASHELLS;4985.0;1
469100;;;AMETHYSTS;SEASHELLS;10004.0;2
469100;;;STARFRUIT;SEASHELLS;4986.0;2
469300;;;STARFRUIT;SEASHELLS;4980.0;5
469400;;;AMETHYSTS;SEASHELLS;9998.0;1
469500;;;STARFRUIT;SEASHELLS;4986.0;2
469500;;;STARFRUIT;SEASHELLS;4986.0;2
469600;;;STARFRUIT;SEASHELLS;4986.0;2
469600;;;STARFRUIT;SEASHELLS;4985.0;1
469600;;;AMETHYSTS;SEASHELLS;10004.0;2
470100;;;STARFRUIT;SEASHELLS;4982.0;1
470500;;;STARFRUIT;SEASHELLS;4987.0;1
470800;;;AMETHYSTS;SEASHELLS;10004.0;1
470800;;;STARFRUIT;SEASHELLS;4988.0;2
471100;;;AMETHYSTS;SEASHELLS;10002.0;1
471600;;;STARFRUIT;SEASHELLS;4980.0;1
471600;;;STARFRUIT;SEASHELLS;4987.0;1
471600;;;AMETHYSTS;SEASHELLS;10004.0;1
471900;;;AMETHYSTS;SEASHELLS;9998.0;4
472000;;;AMETHYSTS;SEASHELLS;9998.0;1
472000;;;STARFRUIT;SEASHELLS;4980.0;1
472100;;;AMETHYSTS;SEASHELLS;10005.0;2
472100;;;STARFRUIT;SEASHELLS;4987.0;2
472200;;;AMETHYSTS;SEASHELLS;9998.0;2
472200;;;STARFRUIT;SEASHELLS;4981.0;4
472400;;;STARFRUIT;SEASHELLS;4985.0;1
472900;;;STARFRUIT;SEASHELLS;4985.0;1
472900;;;STARFRUIT;SEASHELLS;4985.0;2
473400;;;STARFRUIT;SEASHELLS;4985.0;4
473500;;;STARFRUIT;SEASHELLS;4986.0;1
473600;;;STARFRUIT;SEASHELLS;4982.0;3
473600;;;AMETHYSTS;SEASHELLS;10002.0;1
473700;;;STARFRUIT;SEASHELLS;4981.0;1
474000;;;STARFRUIT;SEASHELLS;4986.0;1
474100;;;AMETHYSTS;SEASHELLS;10005.0;11
474300;;;STARFRUIT;SEASHELLS;4981.0;6
474300;;;AMETHYSTS;SEASHELLS;9998.0;1
474300;;;STARFRUIT;SEASHELLS;4981.0;1
474500;;;STARFRUIT;SEASHELLS;4986.0;1
474800;;;STARFRUIT;SEASHELLS;4982.0;2
474900;;;STARFRUIT;SEASHELLS;4981.0;1
475100;;;STARFRUIT;SEASHELLS;4982.0;4
475100;;;STARFRUIT;SEASHELLS;4985.0;1
475300;;;STARFRUIT;SEASHELLS;4982.0;5
475500;;;STARFRUIT;SEASHELLS;4985.0;1
476100;;;STARFRUIT;SEASHELLS;4981.0;1
476200;;;STARFRUIT;SEASHELLS;4982.0;2
476300;;;STARFRUIT;SEASHELLS;4981.0;1
476400;;;AMETHYSTS;SEASHELLS;10005.0;2
476800;;;STARFRUIT;SEASHELLS;4982.0;2
476800;;;STARFRUIT;SEASHELLS;4982.0;11
477000;;;AMETHYSTS;SEASHELLS;10002.0;5
477000;;;STARFRUIT;SEASHELLS;4986.0;1
477100;;;STARFRUIT;SEASHELLS;4981.0;4
477100;;;STARFRUIT;SEASHELLS;4981.0;1
477500;;;AMETHYSTS;SEASHELLS;9996.0;1
477500;;;AMETHYSTS;SEASHELLS;9998.0;5
477500;;;STARFRUIT;SEASHELLS;4981.0;2
477500;;;AMETHYSTS;SEASHELLS;9996.0;1
477600;;;AMETHYSTS;SEASHELLS;10002.0;1
477900;;;STARFRUIT;SEASHELLS;4980.0;2
477900;;;AMETHYSTS;SEASHELLS;10000.0;2
478200;;;STARFRUIT;SEASHELLS;4985.0;1
478400;;;STARFRUIT;SEASHELLS;4981.0;1
478500;;;AMETHYSTS;SEASHELLS;10002.0;2
478600;;;AMETHYSTS;SEASHELLS;9998.0;2
478900;;;AMETHYSTS;SEASHELLS;9996.0;1
478900;;;STARFRUIT;SEASHELLS;4980.0;1
479000;;;AMETHYSTS;SEASHELLS;10002.0;1
479400;;;AMETHYSTS;SEASHELLS;9998.0;1
479600;;;AMETHYSTS;SEASHELLS;9996.0;6
479600;;;AMETHYSTS;SEASHELLS;9996.0;2
479800;;;AMETHYSTS;SEASHELLS;10002.0;5
479800;;;STARFRUIT;SEASHELLS;4985.0;1
480300;;;STARFRUIT;SEASHELLS;4979.0;10
480300;;;STARFRUIT;SEASHELLS;4984.0;1
480700;;;STARFRUIT;SEASHELLS;4979.0;1
480800;;;STARFRUIT;SEASHELLS;4986.0;2
481300;;;STARFRUIT;SEASHELLS;4980.0;1
481700;;;AMETHYSTS;SEASHELLS;9998.0;1
482300;;;STARFRUIT;SEASHELLS;4980.0;1
482500;;;STARFRUIT;SEASHELLS;4982.0;2
482500;;;AMETHYSTS;SEASHELLS;9998.0;1
482600;;;AMETHYSTS;SEASHELLS;9998.0;5
482600;;;AMETHYSTS;SEASHELLS;9998.0;2
482700;;;AMETHYSTS;SEASHELLS;10002.0;5
482800;;;STARFRUIT;SEASHELLS;4984.0;1
482800;;;STARFRUIT;SEASHELLS;4985.0;1
483000;;;STARFRUIT;SEASHELLS;4984.0;1
483300;;;STARFRUIT;SEASHELLS;4985.0;1
483300;;;AMETHYSTS;SEASHELLS;10004.0;1
483500;;;STARFRUIT;SEASHELLS;4983.0;1
484000;;;STARFRUIT;SEASHELLS;4983.0;1
484100;;;STARFRUIT;SEASHELLS;4978.0;1
484400;;;STARFRUIT;SEASHELLS;4982.0;1
484800;;;AMETHYSTS;SEASHELLS;9996.0;2
484800;;;STARFRUIT;SEASHELLS;4977.0;2
484900;;;AMETHYSTS;SEASHELLS;9996.0;1
484900;;;STARFRUIT;SEASHELLS;4977.0;2
485500;;;AMETHYSTS;SEASHELLS;9998.0;1
485500;;;STARFRUIT;SEASHELLS;4976.0;2
485500;;;AMETHYSTS;SEASHELLS;9996.0;2
485500;;;STARFRUIT;SEASHELLS;4977.0;5
485900;;;STARFRUIT;SEASHELLS;4975.0;1
485900;;;AMETHYSTS;SEASHELLS;9996.0;1
486000;;;STARFRUIT;SEASHELLS;4982.0;12
486200;;;STARFRUIT;SEASHELLS;4980.0;5
486200;;;STARFRUIT;SEASHELLS;4980.0;7
486300;;;STARFRUIT;SEASHELLS;4976.0;8
486700;;;STARFRUIT;SEASHELLS;4978.0;4
486700;;;STARFRUIT;SEASHELLS;4974.0;9
486800;;;STARFRUIT;SEASHELLS;4980.0;1
487000;;;STARFRUIT;SEASHELLS;4974.0;1
487200;;;AMETHYSTS;SEASHELLS;10004.0;2
487200;;;AMETHYSTS;SEASHELLS;10004.0;1
487300;;;STARFRUIT;SEASHELLS;4975.0;1
487500;;;AMETHYSTS;SEASHELLS;9996.0;2
487600;;;STARFRUIT;SEASHELLS;4976.0;1
487700;;;AMETHYSTS;SEASHELLS;9996.0;1
487700;;;AMETHYSTS;SEASHELLS;9996.0;2
487700;;;STARFRUIT;SEASHELLS;4980.0;1
488200;;;STARFRUIT;SEASHELLS;4982.0;20
488200;;;AMETHYSTS;SEASHELLS;10002.0;1
488200;;;STARFRUIT;SEASHELLS;4982.0;2
488200;;;AMETHYSTS;SEASHELLS;10005.0;2
488500;;;STARFRUIT;SEASHELLS;4978.0;2
488500;;;STARFRUIT;SEASHELLS;4978.0;1
488500;;;STARFRUIT;SEASHELLS;4979.0;1
489000;;;STARFRUIT;SEASHELLS;4975.0;5
489100;;;STARFRUIT;SEASHELLS;4975.0;9
489800;;;STARFRUIT;SEASHELLS;4976.0;1
490000;;;AMETHYSTS;SEASHELLS;10002.0;1
490200;;;STARFRUIT;SEASHELLS;4976.0;2
490400;;;AMETHYSTS;SEASHELLS;9995.0;1
490400;;;STARFRUIT;SEASHELLS;4974.0;1
490600;;;STARFRUIT;SEASHELLS;4981.0;7
490800;;;AMETHYSTS;SEASHELLS;10002.0;1
490800;;;AMETHYSTS;SEASHELLS;10002.0;3
491000;;;AMETHYSTS;SEASHELLS;9998.0;1
491000;;;STARFRUIT;SEASHELLS;4979.0;1
491300;;;AMETHYSTS;SEASHELLS;10002.0;1
492300;;;STARFRUIT;SEASHELLS;4980.0;1
492400;;;STARFRUIT;SEASHELLS;4975.0;1
492700;;;STARFRUIT;SEASHELLS;4979.0;2
492800;;;AMETHYSTS;SEASHELLS;10002.0;2
492800;;;STARFRUIT;SEASHELLS;4978.0;1
492800;;;STARFRUIT;SEASHELLS;4978.0;11
492900;;;STARFRUIT;SEASHELLS;4974.0;1
492900;;;STARFRUIT;SEASHELLS;4974.0;1
492900;;;AMETHYSTS;SEASHELLS;10004.0;1
493100;;;STARFRUIT;SEASHELLS;4974.0;1
493200;;;AMETHYSTS;SEASHELLS;9996.0;1
493200;;;STARFRUIT;SEASHELLS;4973.0;1
493600;;;STARFRUIT;SEASHELLS;4974.0;4
493700;;;STARFRUIT;SEASHELLS;4973.0;18
493800;;;AMETHYSTS;SEASHELLS;10002.0;4
493900;;;STARFRUIT;SEASHELLS;4977.0;1
494100;;;AMETHYSTS;SEASHELLS;9998.0;1
494300;;;AMETHYSTS;SEASHELLS;10005.0;7
494600;;;STARFRUIT;SEASHELLS;4973.0;12
495100;;;STARFRUIT;SEASHELLS;4976.0;1
495300;;;STARFRUIT;SEASHELLS;4971.0;1
495400;;;STARFRUIT;SEASHELLS;4971.0;1
